3267 4409
544 426 883 538 nercmnoaaron
899 476 973 539 ιιι.
990 477 1027 540 x.
1241 474 1304 539 ιιι

1144 586 1151 611 t

333 623 464 707 5Κύριε
475 649 557 709 μου,
580 625 652 707 μέλι
668 648 750 707 μου,
772 622 861 708 ψυχή
878 649 944 708 μου
960 627 1101 706 congeris
1116 648 1231 710 usque,

395 717 457 776 Pro
472 713 586 793 pudor!
613 713 769 772 llersiliae
784 715 858 772 civis
874 720 906 772 et
921 714 1062 791 Egeriae.

344 798 500 861 ·Lectulus
515 799 569 856 has
584 816 690 874 voces,
710 816 768 856 nec
784 795 916 857 lectulus
933 796 1035 856 audiat
1050 797 1165 874 omnis,

395 883 459 944 Sed
476 901 566 961 quem
581 879 694 940 lascivo
709 883 817 940 stravit
831 883 926 940 amica
940 883 1017 940 viro.

353 969 441 1029 Scire
457 967 542 1046 cupis
559 984 618 1045 quo
633 971 715 1024 casta
730 965 821 1025 modo
836 973 974 1025 matrona
987 963 1140 1043 loquaris:

308 1063 345 1116 10
392 1048 562 1130 Numquid,
585 1069 652 1109 cum
667 1050 793 1127 crissas,
816 1044 956 1111 blandior
973 1068 1041 1108 esse
1055 1048 1167 1131 potes?

353 1137 402 1197 'lu
416 1135 495 1195 licet
509 1133 628 1194 ediscas
644 1139 737 1209 totam
752 1135 933 1213 referasque
948 1135 1137 1234 Corinthon,

394 1222 464 1280 Non
483 1226 585 1279 tamen
601 1218 740 1296 omnino,
761 1216 882 1297 Laelia,
903 1219 973 1278 Lais
990 1219 1061 1278 eris.

732 1351 839 1412 LXIX.

352 1467 505 1544 Custodes
521 1466 590 1544 das,
609 1465 714 1544 Polla,
735 1468 820 1545 viro,
841 1486 902 1526 non
918 1466 1030 1545 accipis
1044 1467 1118 1546 ipsa.

392 1554 461 1613 Hoc
476 1558 525 1613 est
538 1570 663 1611 uxorem
680 1550 810 1629 ducere,
832 1549 938 1631 Polla,
958 1553 1064 1612 virum.

743 1685 836 1748 LXX.

354 1795 444 1875 Quod
459 1797 534 1856 milri
548 1797 597 1855 vix
611 1815 689 1855 unus
704 1802 770 1856 toto
783 1796 866 1858 liber
881 1805 970 1858 exeat
985 1818 1080 1877 anno,

393 1881 538 1940 Desidiae
554 1881 610 1939 tibi
626 1899 708 1958 sum,
732 1880 822 1941 docte
837 1883 959 1960 Potite,
982 1902 1064 1946 reus.

352 1965 464 2026 Iustius
480 1971 510 2024 at
527 1970 639 2043 quanto
656 1965 787 2042 mirere,
810 1965 893 2044 qnod
908 1972 997 2025 exeat
1010 1986 1105 2043 unns,

391 2049 549 2109 Labantur
563 2048 622 2107 toti
637 2067 704 2106 cum
720 2050 795 2107 mihi
810 2068 903 2128 saepe
919 2048 994 2109 dies.

321 2133 418 2195 ‘5Nou
435 2133 639 2193 resalutantes
653 2131 742 2192 video
757 2139 924 2192 nocturnus
940 2133 1067 2206 amicos,

393 2215 541 2277 Gratulor
557 2223 589 2276 et
603 2214 725 2290 multis3
745 2235 854 2295 nemo,
876 2217 996 2293 Potite,
1019 2217 1103 2278 mihi.

350 2302 438 2361 Nunc
452 2301 491 2360 ad
504 2300 663 2361 luciferam
678 2302 777 2378 signat
791 2320 859 2360 mea
872 2319 989 2378 gemma
1004 2301 1146 2376 Dianam,

395 2386 483 2445 Nunc
497 2403 546 2444 me
560 2386 658 2464 prima
675 2386 750 2462 sibi,
771 2405 852 2460 nnnc
867 2387 925 2444 sibi
941 2387 1046 2464 quinta
1062 2385 1197 2464 rapit.

352 2469 440 2529 Nunc
455 2468 563 2529 consul
576 2473 741 2550 praetorve
757 2476 844 2529 tenet
858 2468 1052 2550 reducesque
1067 2470 1214 2545 choreae,

310 2564 345 2616 10
393 2553 526 2613 Auditur
541 2560 606 2613 tota
621 2571 714 2633 saepe
728 2561 821 2635 poeta
835 2553 895 2618 die

350 2636 415 2696 Sed
428 2656 487 2697 nec
502 2636 655 2697 causidico
670 2639 768 2715 possis
785 2640 909 2718 impune
924 2655 1054 2716 negare,

392 2722 421 2780 N
423 2739 458 2781 ec
473 2723 499 2781 si
513 2728 547 2781 te
561 2722 670 2781 rhetor
683 2725 933 2798 grammaticusve
947 2728 1074 2800 rogent:

350 2803 466 2865 Balnea
481 2810 553 2885 post
567 2805 714 2864 decimam
728 2805 809 2867 lasso
826 2814 1008 2884 centumque
1025 2812 1173 2885 petuntur

393 2889 594 2967 quadrantes.
620 2889 693 2949 Fiet
707 2890 847 2970 quando,-
868 2890 987 2969 Potite,
1009 2890 1112 2950 liber?

732 3023 838 3083 LXXI.

351 3135 496 3214 Quisquis
510 3133 593 3195 laeta
606 3136 668 3195 tuis
685 3140 717 3194 et
731 3153 801 3194 sera
815 3137 995 3216 parentibus
1012 3141 1100 3214 optas

286 3246 291 3252 ·
391 3219 484 3296 Fata,
505 3221 631 3280 brevem
646 3218 769 3279 titulum
783 3221 943 3279 marmoris
958 3221 1048 3279 huius
1062 3237 1137 3279 ama.

349 3302 498 3363 condidit
513 3305 571 3362 hac
586 3324 671 3364 caras
687 3303 803 3363 tellure
816 3304 959 3364 Rabirius
973 3305 1111 3363 umbras:
1186 3326 1189 3330 ·

384 3385 475 3446 Nulli
493 3395 577 3447 sorte
593 3389 696 3447 iacent
711 3387 890 3448 candidiore
906 3407 1007 3452 senes

325 3471 403 3532 5Bis
419 3490 473 3531 sex
487 3469 587 3531 lustra
601 3474 662 3532 tori
679 3493 739 3532 nox
753 3474 836 3532 mitis
852 3479 885 3532 et
897 3472 1004 3534 ultima
1018 3469 1144 3558 clusit„
1205 3473 1208 3477 ’
1280 3513 1282 3517 ⁴

392 3557 546 3615 Arserunt
561 3576 621 3615 uno
636 3557 746 3616 funera
762 3559 834 3616 bina
848 3576 933 3635 rogo
1107 3576 1143 3639 Ι·
1223 3560 1228 3565 ’

347 3639 415 3700 Hos
429 3644 530 3699 temen
545 3645 580 3700 ut
593 3642 701 3719 primis
714 3647 820 3720 raptos
833 3643 892 3702 sibi
908 3641 1029 3721 quaerit
1041 3641 1076 3702 iu
1116 3704 1125 3713 ,

377 3723 563 3806 improbius
577 3722 657 3785 nihil
671 3726 720 3786 his
734 3726 859 3786 fletibus
875 3744 943 3786 esne
956 3729 1140 3810 potestate·
