3267 4409
364 454 404 516 20
693 467 729 514 o.
745 466 816 515 run.
834 465 1019 515 rursusne

365 606 474 681 Quales
496 588 564 665 tunic
584 604 684 685 epulas
705 606 798 685 ipsum
820 606 955 683 gluttisse
977 613 1108 683 putamus

364 691 617 768 lnduperatorem,
641 707 727 766 quum
751 699 796 749 tot
816 692 969 765 sestertia,
991 698 1118 767 partem·
1146 740 1149 745 .

364 774 506 851 Exiguam
529 782 558 832 et
578 773 709 833 modicae
733 782 874 854 sumptam
895 774 932 833 de
954 775 1083 848 margine
1104 779 1247 853 coenae,'
1318 784 1356 841 do

364 858 529 935 Purpureus
551 858 645 933 magni
668 859 787 918 ructarit
810 876 910 917 scurra
932 856 1033 932 Palati,

364 941 423 1001 lam
445 942 581 1019 princeps
605 941 748 1018 equitum,
771 960 875 1018 magna
897 941 946 1020 qui
968 957 1043 999 voce
1066 940 1182 1002 solebat

364 1024 500 1084 Vendere
523 1025 681 1102 municipes
704 1025 796 1085 fracta
818 1026 855 1085 de
876 1042 975 1085 merce
997 1022 1134 1085 silurosl·

364 1109 480 1186 lncipe,
505 1106 654 1186 Calliope,
676 1108 746 1167 licet
769 1119 798 1167 et
822 1109 992 1168 considere:
1014 1124 1072 1167 uon
1097 1117 1143 1169 est

366 1191 557 1267 (lantandum,
581 1210 629 1251 res
652 1210 721 1251 vera
745 1188 1007 1270 agitur3'narrate,
1030 1192 1148 1270 puellae
1212 1187 1220 1203 ⁰
1324 1203 1358 1257 35

365 1276 511 1345 Pierides;
536 1277 628 1353 prosit
651 1276 717 1334 mihi
738 1293 792 1335 vos
814 1276 922 1335 dixisse
947 1275 1077 1353 puellas!

408 1359 501 1432 Quum
524 1361 578 1418 iam
602 1360 795 1419 semianimum
818 1359 962 1419 laceraret
984 1357 1101 1419 Flauius
1123 1358 1225 1419 orbem

365 1444 503 1519 Ultimus,
529 1452 557 1502 et
581 1444 664 1503 calvo
690 1445 814 1503 serviret
835 1443 926 1503 Roma
949 1441 1068 1518 Neroni,

366 1527 467 1587 incidit
491 1527 608 1586 Adriaci
632 1529 754 1606 spatium
776 1526 943 1587 admirabile
965 1525 1077 1587 rhombi

367 1610 442 1669 Ante
466 1611 578 1669 domum
601 1609 725 1671 Veneris
769 1629 852 1689 quam
874 1610 981 1671 Dorica
1004 1611 1125 1670 sustinet
1147 1608 1267 1691 Ancon,
1323 1624 1359 1678 oo

367 1694 559 1772 implevitque
584 1696 676 1762 sinus;
703 1656 760 1754 mgb
782 1697 855 1755 enim
877 1696 969 1754 minor
989 1694 1124 1755 haeserat
1145 1695 1218 1772 illis,

368 1778 450 1851 Quos
473 1778 567 1855 operit
588 1778 700 1854 glacies
724 1777 868 1839 Maeotica
890 1788 1032 1857 ruptaque
1052 1778 1168 1839 tandem

368 1861 486 1922 Solibus
510 1861 629 1921 elluudit
652 1862 787 1922 torrentis
810 1861 846 1922 ad
870 1865 944 1923 ostia
965 1862 1059 1938 Ponti,

367 1946 487 2006 Desidia
509 1945 608 2005 tardos
630 1954 659 2005 et
686 1946 774 2025 longo
797 1947 908 2023 frigore
930 1948 1063 2024 pingues.
1257 2010 1261 2019 ⁸

366 2030 499 2089 Destinat
520 2030 577 2088 hoc
600 2040 757 2090 monstrum
779 2030 898 2105 cymbae
920 2029 1028 2109 linique
1048 2030 1187 2107 magister
1326 2044 1359 2099 45

367 2114 498 2174 Pontifici
522 2132 641 2173 summo.
687 2115 758 2188 Quis
783 2116 857 2174 enim
878 2131 1045 2192 proponere
1066 2114 1155 2174 talem

367 2199 426 2257 Aut
448 2216 545 2258 emere
567 2199 703 2273 auderet,
728 2218 814 2278 quum
836 2198 922 2277 plena
944 2207 971 2257 et
992 2197 1078 2259 litora
1099 2198 1192 2260 multo

367 2282 508 2341 Delatore
531 2282 648 2343 forent?
676 2282 801 2361 dispersi
822 2283 953 2360 protinus
975 2282 1062 2359 algae

367 2365 557 2444 Inquisitores
570 2376 691 2442 agerent
715 2385 778 2426 cum
803 2366 914 2442 remige
936 2367 1025 2440 nudo,

367 2447 433 2507 Non
455 2447 607 2507 dubitaturi
632 2449 782 2524 fugitivum
803 2449 902 2509 dicere
928 2452 1039 2529 piscem

367 2531 586 2608 Depastumque
609 2531 655 2589 diu
677 2534 784 2591 vivaria
808 2529 942 2594 Caesaris
965 2534 1031 2595 inde

368 2613 508 2691 Elapsum
529 2622 659 2674 veterem
682 2615 718 2676 ad
740 2616 882 2677 domiuum
903 2617 1012 2679 debere
1033 2617 1152 2678 reverti.

303 2718 307 2727 ·
369 2698 400 2757 Si
424 2697 491 2774 quid
512 2696 655 2774 Palfurio,
680 2700 704 2758 si
726 2700 867 2760 credimus
890 2700 1054 2772 Armillato,
1223 2768 1227 2773 ,

370 2779 513 2857 Quidquid
534 2785 720 2861 conspicuum
742 2784 951 2867 pulchrumque
968 2794 1013 2845 est
1034 2802 1166 2864 nemore
1189 2794 1271 2867 toto,

368 2863 429 2925 Res
453 2864 515 2924 fisci
537 2874 597 2939 est,
621 2866 793 2946 ubicumque
816 2877 910 2927 natat:
934 2868 1085 2930 donabitur
1108 2885 1197 2949 ergo,
1327 2880 1358 2935 tt

367 2946 413 3007 Ne
435 2958 547 3027 pereat.
593 2950 651 3010 lam
674 2952 790 3012 letifero
814 2953 937 3012 cedente
962 2954 1071 3032 pruinis

367 3032 527 3109 Autumno,
550 3034 605 3094 iam
630 3046 796 3113 quartanam
819 3037 1001 3114 sperantibus
1025 3030 1142 3115 aegris,

368 3117 515 3177 stridebat
541 3118 678 3179 deformis
701 3120 792 3188 hiems
814 3120 1011 3199 praedamque
1034 3130 1188 3181 recentem

367 3201 524 3262 servabat:
549 3212 643 3263 tamen
667 3203 714 3272 bic
736 3213 892 3284 properat,
915 3206 996 3265 velut
1016 3214 1121 3282 urgeat
1146 3215 1263 3268 auster.

365 3283 462 3363 thue
490 3285 571 3345 lacus
594 3287 743 3363 suberant,
767 3287 815 3347 ubi
839 3307 1009 3369 quamquam
1030 3289 1124 3350 dimta
1146 3300 1254 3353 servat
1324 3298 1356 3357 ib

366 3367 466 3445 lgncm
489 3369 642 3431 Troianum
666 3381 694 3430 et
716 3371 834 3431 Vestam
859 3373 928 3433 colit
953 3373 1029 3433 Alba
1051 3373 1208 3453 minorem,

332 3504 340 3515 ,
368 3450 485 3512 Obstitit
506 3454 620 3515 intranti
641 3456 770 3515 miratrix
792 3456 875 3516 turba
898 3475 1068 3535 parumper;

260 3540 262 3545 '
367 3533 406 3593 Ut
431 3539 535 3613 cessit,
560 3539 639 3598 incili
663 3548 815 3617 patuerunt
839 3540 956 3615 cardine
977 3540 1099 3611 balvae:

367 3615 488 3679 Exclusi
511 3631 644 3698 spectant
666 3624 790 3682 admissa
813 3624 935 3684 obsonia
958 3634 1067 3704 patres.
1178 3634 1185 3647 ·

365 3699 427 3763 Itur
448 3704 484 3763 ad
506 3704 649 3781 Atriden3
673 3715 730 3767 tum
753 3707 873 3769 Picens:
899 3709 1029 3788 Accipe,
1053 3708 1137 3790 dixit,
