3267 4409
492 456 833 521 nrtunamomnon
846 457 921 522 LIB.
935 458 987 524 XL
1200 459 1263 526 275

507 646 516 662 .
602 640 609 652 .
667 608 815 673 LXXVII

307 725 342 786 ln
360 723 500 784 omnibns
514 721 652 784 Vacerra
667 721 750 802 quod
764 718 960 786 conclavibus

308 807 469 871 Consumit
481 807 574 866 horas
589 812 623 867 et
636 802 687 866 die
701 811 768 867 toto
781 804 889 889 edet,

308 891 472 954 Cenaturit
485 890 639 970 Vacerra,
660 910 721 951 non
737 891 904 952 roraturIt:

653 1020 824 1085 LXXVIII.

308 1142 407 1202 Utere
420 1140 563 1200 femineis
581 1137 807 1219 complexibus,
829 1145 935 1221 utere,
956 1141 1082 1223 Victor,

349 1224 549 1303 Ignotumque
565 1224 626 1285 sibi
639 1221 776 1283 mentula
792 1223 890 1285 diseat
907 1244 992 1305 opus.

305 1307 466 1371 Flammea
480 1313 626 1369 texuntur
641 1326 787 1408 sponsae,
807 1309 869 1368 iam
881 1309 968 1388 virgo
983 1313 1125 1391 paratur,

349 1391 508 1453 Tondebit
520 1411 634 1473 pueros
649 1393 708 1451 iam
722 1409 799 1451 nova
812 1398 908 1472 nupta
921 1398 1000 1456 tuos.

283 1475 476 1537 5Paedioare
496 1474 594 1536 semel
609 1474 720 1556 cupido
736 1474 821 1537 dabit
834 1475 889 1537 illa
902 1479 1030 1558 marito,

347 1561 426 1620 Dum
439 1561 550 1620 metuit
564 1559 620 1620 teli
636 1558 762 1636 volnera
776 1561 876 1638 prima
890 1562 971 1623 novi.

306 1644 445 1724 Saepius
451 1646 510 1704 hoc
524 1645 595 1703 fieri
609 1630 712 1703 nutrix
726 1649 887 1725 materque
900 1646 1048 1706 vetabunt

346 1728 388 1789 Et
405 1727 524 1787 dicent·
546 1729 669 1807 „Unor‚
690 1746 753 1787 non
766 1746 860 1808 puer,
881 1731 940 1789 ista
953 1731 1011 1790 tibi
1027 1735 1084 1792 est.
1087 1730 1108 1767 “

305 1811 377 1872 Ileu
392 1818 521 1891 quantos
537 1817 655 1890 aestus,
679 1817 808 1892 quantos
824 1814 945 1892 patiere
958 1811 1101 1893 laborer,

269 1904 306 1957 lo
353 1895 388 1955 Si
402 1895 500 1956 fuerit
514 1913 629 1954 cunnus
643 1914 695 1954 res
707 1897 874 1975 peregrina
888 1897 958 1957 tibi!

303 1977 387 2057 Ergo
403 1979 581 2039 Suburanae
594 1981 727 2039 tironem
740 1978 830 2039 trade
845 1981 1017 2057 magistrae.

345 2062 403 2124 Illa
416 2064 514 2124 virum
528 2063 640 2138 faciet3
661 2081 724 2122 non
738 2064 819 2123 bene
834 2062 920 2142 vir'go
936 2062 1037 2127 docet.

675 2194 810 2256 LXXIII.

302 2294 352 2357 Ad
365 2296 497 2377 primum
513 2291 631 2354 decima
643 2290 778 2394 lapidem
793 2289 876 2371 quod
890 2293 1027 2354 venimus
1040 2293 1132 2376 hora,

344 2380 511 2458 Arguimur
522 2377 627 2438 lentae
643 2374 771 2437 crimine
785 2377 940 2457 pigritiae.

302 2463 373 2524 Nou
387 2469 437 2523 ert
449 2465 509 2523 Ista
524 2461 664 2563 quidem,
685 2480 749 2521 non
763 2467 812 2520 est
825 2478 909 2541 mea,
930 2459 988 2522 sed
1001 2467 1054 2524 tua
1068 2462 1158 2547 eulpa
1173 2472 1236 2545 est,

343 2548 460 2608 Misisti
474 2544 570 2607 mulas
585 2565 638 2626 qur
629 2546 746 2624 'mihi,
766 2544 881 2627 Paete,
901 2551 977 2608 tuas.

674 2679 795 2740 LXXX.

303 2795 391 2854 Litus
405 2793 515 2854 beatae
529 2789 664 2852 Veneris
680 2809 805 2851 aureum
819 2791 925 2871 Baias,

301 2879 391 2938 Baias
406 2875 557 2956 superbae
572 2872 683 2935 blanda
698 2875 777 2935 dona
790 2881 936 2954 naturae,

301 2962 346 3022 Ut
360 2958 448 3021 mille
461 2956 602 3036 laudem,
623 2957 754 3037 Flacca,
776 2960 917 3020 versibus
926 2918 1035 3040 lisias,

301 3043 446 3106 Laudabo
465 3043 557 3120 dIgne
571 3062 632 3101 non
648 3044 721 3102 satis
735 3049 839 3102 tamen
855 3043 953 3104 Boias.

280 3129 367 3191 sSed
382 3125 558 3188 Martialem
572 3124 671 3201 malo,
692 3124 822 3204 Flaece,
845 3146 933 3204 quam
946 3127 1044 3187 Baias.

303 3213 420 3295 Optare
435 3217 598 3289 utrumque
613 3211 748 3289 pariter,
768 3209 903 3289 improbi
916 3215 1020 3271 votum
1033 3215 1090 3270 est.

305 3296 436 3373 Quodsi
451 3294 578 3355 deorum
593 3312 720 3354 munere
734 3294 793 3353 hoc
806 3294 865 3354 tibi
880 3292 987 3372 detur,

303 3380 385 3458 Quid
398 3378 577 3459 gaudiorum
592 3385 641 3438 est
655 3375 810 3439 Martialis
824 3383 858 3438 et
869 3377 975 3438 Baiae!

545 3537 552 3553 ⁸
664 3511 810 3578 LXXXI.

304 3623 382 3683 Cum
396 3638 472 3681 sene
486 3639 675 3681 communem
688 3625 778 3681 vexat
789 3618 884 3698 spado
899 3615 1068 3699 Dlndpmur
1081 3613 1201 3699 Aeglen
1221 3660 1225 3665 -

345 3706 387 3768 nt
400 3706 483 3766 iacet
496 3706 529 3765 in
545 3703 647 3766 medio
661 3707 744 3766 'sicca
755 3701 862 3785 puella
875 3709 954 3765 toro.
996 3724 1064 3854 ὦ
1082 3744 1085 3749 ·
1114 3718 1130 3751 ·-
1144 3742 1153 3755 ι
1165 3678 1338 3904 ι,
