3267 4409
369 455 472 508 mn
663 428 667 435 ’
751 452 959 507 eennranro.

275 636 285 657 .
371 608 421 663 lae
433 608 458 658 et
466 605 519 661 223
528 606 600 672 poeta
608 606 682 673 urget
692 605 717 656 et
726 613 791 654 nuuc
800 599 834 654 ita
844 600 953 669 posuisse
962 600 1068 665 ridetur,
1079 607 1107 656 ut
1117 616 1166 657 nou
1176 601 1229 672 pari
1239 618 1296 659 eum
1307 617 1350 659 au-

369 687 534 743 tecedentibus
546 685 666 740 infinitivis
682 686 736 740 loco
747 684 830 738 haberi
838 685 881 739 sed
891 684 956 741 huno
966 700 1064 741 sensum
1080 700 1134 739 esse
1144 686 1232 742 uellet:
1244 686 1304 743 dum
1314 688 1350 743 di·

369 772 440 827 vitias
456 770 579 842 adquiras,
603 770 669 824 nullo
686 769 786 823 crimine
801 768 928 825 abstinere.
945 797 988 808 —
1003 769 1031 826 V.
1048 773 1101 828 269
1111 770 1169 841 quin
1179 785 1224 841 pro
1234 778 1350 841 strepeuo

369 863 491 918 notarem,
512 859 646 924 temperare
656 853 714 909 mihi
724 867 774 907 non
782 852 866 922 potui;
882 854 955 910 nimia
966 860 1031 909 certe
1041 854 1158 917 aoeroitas
1166 855 1264 911 ridetur
1271 856 1298 909 in
1308 855 1350 911 de·

369 939 513 1009 scriptione,
526 953 587 1009 quac
596 953 684 992 vanum
694 937 775 1008 potius
793 942 817 991 ct
829 939 995 1003 temerarium,
1014 953 1086 1010 qnam
1095 938 1176 1011 ,edem
1186 946 1212 993 et
1227 939 1351 1010 perditum

369 1028 528 1079 mercatorem
541 1022 664 1092 proponit,
675 1022 802 1092 ipsumque
818 1021 933 1077 orationis
949 1037 1046 1077 cursum
1062 1021 1138 1077 inanis
1156 1022 1351 1093 amplificationis

369 1108 484 1178 strepitus
501 1106 590 1168 tardam
608 1106 686 1161 acrins
701 1111 782 1160 tamen
799 1110 870 1160 tueor
883 1107 947 1177 quod
964 1113 989 1161 et
1001 1106 1071 1161 inim
1086 1107 1173 1161 satirae
1182 1123 1206 1163 v.
1216 1112 1271 1167 315
1282 1114 1309 1163 et
1318 1106 1349 1164 ri

370 1196 422 1251 365
433 1206 476 1262 pro
487 1188 558 1245 dobes
569 1206 625 1245 oum
634 1187 771 1245 Heinrichio
783 1188 868 1259 scripsi
877 1189 948 1256 adest,
960 1191 1024 1262 quood
1035 1196 1063 1245 ut
1075 1191 1199 1262 superiore
1208 1191 1265 1249 loco
1275 1192 1351 1263 ipsius

369 1274 493 1331 Pithoeaui
504 1274 551 1329 fide
561 1275 654 1338 nititur,
667 1275 700 1330 ita
712 1274 875 1344 antiquissimo
885 1275 1002 1330 Lactantii
1012 1275 1150 1331 testimonio
1161 1274 1240 1333 lustit.
1252 1276 1302 1333 div.
1309 1275 1349 1333 ΙΙΙ.

360 1363 406 1418 39
416 1360 450 1414 ita
466 1359 587 1424 firmatur,
600 1365 628 1415 ut
638 1374 703 1413 nunc
714 1358 752 1413 vel
763 1364 848 1413 contra
858 1360 977 1430 optimum
988 1359 1097 1415 codicem
1107 1360 1262 1417 retinendum
1271 1362 1350 1417 risuum

369 1445 416 1505 sit:
427 1458 458 1498 ne
469 1443 619 1513 enimipsum
629 1449 726 1514 poetam
735 1443 839 1497 rariasm
848 1458 1001 1508 censeamus,
1012 1444 1144 1499 sententiae
1154 1459 1252 1517 quoqne
1262 1460 1351 1501 coure-

369 1528 459 1583 uientia
469 1532 546 1592 vetat,
564 1527 603 1582 cui
612 1528 691 1583 solum
701 1525 766 1582 obest
781 1533 892 1582 constare
907 1529 931 1584 in
942 1520 1034 1584 Vindio.
1045 1543 1069 1598 p.
1083 1529 1116 1586 17
1126 1528 1231 1586 dedendi
1243 1556 1288 1569 —
1299 1529 1349 1587 Sat.

369 1610 421 1668 XV.
432 1625 455 1665 r.
467 1612 510 1668 86.
522 1614 556 1669 87
567 1611 744 1682 interpolatoris
754 1625 833 1682 nugas
844 1613 917 1667 etiam
928 1610 1044 1669 Oreitium
1063 1611 1250 1683 deprehendisse
1259 1615 1349 1677 laetum

369 1710 416 1750 nec
426 1711 449 1750 v.
461 1697 512 1752 124
523 1709 565 1749 eos
575 1696 642 1767 seqrri
654 1695 772 1759 dubitavi,
790 1696 832 1766 qni
848 1711 892 1767 pro
908 1695 1045 1752 Britoniboo
1061 1696 1141 1752 minus
1155 1702 1215 1753 nota
1225 1696 1350 1755 Βίεωω

370 1786 446 1852 gente
455 1779 565 1834 restituta
574 1779 680 1834 numeris
690 1780 761 1834 simul
773 1785 798 1833 et
810 1781 916 1835 sermoni
926 1781 1111 1844 consuluenrnt,
1124 1781 1165 1851 qui
1174 1782 1241 1852 apud
1251 1783 1350 1839 iuraue-

370 1865 418 1920 iem
431 1862 564 1919 Britannos
577 1869 671 1918 tantum
687 1863 805 1926 admittit;
823 1863 909 1920 codem
918 1880 975 1921 vero
986 1865 1097 1935 exemplo
1107 1861 1160 1920 Sat.
1171 1862 1235 1923 xvi
1248 1869 1350 1927 lrariru

370 1947 444 2005 Gellii
454 1962 542 2004 nomeu
552 1947 659 2003 revocari
669 1946 1092 2018 ipsiusPithoeauiauctoritasiussit,
1102 1949 1251 2021 quodquum
1261 1952 1349 2009 librarii

368 2035 521 2106 ignorarent,
544 2039 637 2088 mature
653 2029 720 2088 Goiie
736 2047 779 2102 pro
797 2029 862 2088 Gelli
876 2033 1005 2089 scribendo
1016 2033 1120 2107 editores
1135 2048 1234 2106 quoque
1244 2034 1271 2091 in
1281 2035 1349 2103 unu

369 2117 514 2175 oblivionem
525 2116 680 2174 adduxerunt.
690 2146 729 2155 -
742 2114 911 2189 Sulpiciae
923 2119 1036 2183 satiram,
1048 2132 1120 2189 quam
1129 2115 1226 2175 Pitheci
1238 2120 1349 2179 aliorum·

369 2217 417 2274 que
432 2200 543 2270 exemplo
559 2202 674 2256 comitem
684 2201 788 2255 quenali
800 2201 894 2270 addidi,
906 2202 956 2257 fere
966 2207 1043 2258 totam
1053 2201 1083 2257 ad
1094 2201 1257 2261 Wemsdoriii
1270 2220 1349 2263 em·

368 2289 422 2359 piar
432 2285 550 2356 expressi,
563 2299 635 2356 quem
645 2285 719 2341 semel
729 2291 824 2341 tantum
839 2286 939 2341 miratus
948 2301 1003 2342 sum
1013 2301 1038 2340 r.
1049 2291 1083 2344 55
1093 2286 1228 2356 proclivem
1239 2290 1349 2347 emona

369 2371 460 2427 tionem
470 2385 525 2440 epea
535 2383 578 2437 pro
589 2370 785 2440 opeosprevisse3
797 2370 821 2425 in
831 2370 905 2426 altero
917 2371 986 2439 loco,
996 2369 1040 2425 ubi
1048 2370 1078 2426 ab
1086 2370 1151 2426 illius
1157 2372 1267 2430 lectione
1276 2376 1350 2433 diem

370 2454 462 2510 densv.
474 2456 507 2510 61
524 2451 583 2505 ouis
599 2466 655 2506 cum
669 2451 805 2509 Burmanno
823 2469 866 2525 pro
882 2455 957 2523 odiret
971 2454 1071 2525 scripsi,
1088 2459 1350 2528 vemupoorriaena

370 2551 429 2591 num
440 2549 486 2590 nec
496 2534 547 2604 ipse
558 2542 677 2603 praestare
689 2536 775 2591 audeo.

454 2666 509 2724 Sor.
524 2666 654 2743 Gottingae
666 2667 690 2724 d.
702 2668 780 2726 XXIV
789 2669 876 2730 Sextd.
887 2689 910 2731 a.
921 2672 1089 2741 naccum.

973 2903 1012 2989 t.
1036 2903 1093 2987 dr.
1115 2852 1325 2993 Hermann..
