3267 4409
552 353 556 361 l

236 573 241 585 .
337 515 379 581 98
427 582 430 585 ,
474 547 479 555 -
648 527 685 578 n.
706 526 779 577 ms.
800 526 987 577 memsuis

338 667 447 729 Oceani
467 676 593 729 monstra
617 676 646 728 et
667 668 788 729 iuvenes
811 665 921 727 vidisse
941 665 1077 727 marinos.

334 751 402 813 Non
423 769 495 812 unns
517 760 629 812 mentes
650 752 740 829 agitat
765 751 862 811 furor:
883 750 933 812 ilie
953 752 1064 811 sororis

334 835 369 898 In
389 836 518 896 manibus
539 835 620 896 vultu
640 835 828 896 Eumenidum
849 843 974 895 terretur
994 842 1025 894 et
1046 834 1116 913 igni,

334 920 388 980 liic
410 920 486 980 bove
509 937 651 999 percusso
669 921 780 997 mugire
802 918 1019 995 Agamemnona
1042 919 1136 997 credit

334 1003 393 1064 Aut
414 1003 556 1072 Ithacum
579 1013 681 1084 parcat
701 1003 899 1075 tonicislioet
920 1011 1008 1081 atque
1032 1002 1169 1083 lacernis,

335 1085 484 1148 ducatoris
508 1097 593 1165 eget,
623 1089 672 1167 qui
696 1105 798 1147 navem
821 1086 966 1146 mercibus
988 1086 1091 1166 implet

332 1170 380 1232 Ad
402 1190 539 1232 summum
558 1171 632 1232 latus
655 1181 684 1232 et
705 1171 801 1231 tabula
821 1171 1005 1248 distinguitur
1026 1171 1112 1248 unda,

334 1256 427 1330 Quum
449 1258 487 1315 sit
508 1273 596 1317 causa
621 1256 689 1317 mali
710 1255 779 1323 tanti
801 1263 832 1315 et
853 1254 1024 1315 discriminis
1049 1253 1133 1315 buius

334 1337 489 1399 Goncisum
512 1348 662 1417 argentum
682 1341 711 1399 in
731 1339 830 1400 titulos
856 1337 1008 1417 faciesque
1032 1339 1164 1401 minutas.

334 1421 495 1495 Occurrunt
516 1424 608 1484 nubes
630 1433 660 1484 et
681 1417 812 1500 fulgura:
845 1421 962 1499 Solvite
981 1422 1089 1498 funem,

331 1505 477 1568 Frumenti
500 1508 631 1568 dominus
655 1506 759 1568 clamat
780 1506 928 1586 piperisve
953 1507 1090 1584 coempti,

330 1589 380 1652 Nil
403 1591 487 1652 color
506 1592 554 1652 hic
576 1592 672 1668 coeli,
699 1590 739 1651 nil
764 1591 855 1651 fascia
876 1590 958 1666 nigra
983 1591 1119 1658 minatum

331 1672 483 1736 Aestivuni
503 1685 594 1736 tonat.
618 1710 660 1722 -
677 1674 797 1746 'Infelix
817 1675 872 1735 hac
895 1674 1016 1734 forsitan
1036 1675 1100 1751 ipsa

331 1758 426 1819 Nocte
449 1760 525 1820 cadit
546 1759 646 1819 fractis
669 1758 815 1833 trabibus,
837 1757 982 1837 fluctuque
1005 1765 1154 1836 premetur

332 1840 458 1902 Obrutus
481 1852 633 1903 elnonem
656 1841 740 1902 laeva
761 1858 917 1918 morsuque
939 1841 1059 1901 tenebit.

332 1926 392 1987 Sed
414 1927 494 1987 cuius
517 1929 593 1987 votis
615 1927 701 1987 modo
724 1943 782 1986 non
802 1925 959 1985 suffecerat
981 1942 1090 2002 aurum,

331 2009 416 2083 Quod
439 2010 536 2089 'fagus
559 2020 588 2070 et
611 2010 696 2071 rutila
719 2009 812 2071 volvit
835 2008 970 2070 Pactolus
989 2025 1087 2087 arena,

329 2091 446 2171 Frigida
469 2095 616 2154 sufficient
636 2095 768 2156 velantes
789 2095 903 2171 inguina
926 2094 1012 2171 pauni

329 2175 519 2256 Exiguusque
545 2179 645 2255 cibus,
665 2197 761 2240 mersa
785 2186 849 2238 rate
871 2178 1027 2255 naufragus
1052 2192 1148 2237 assem

328 2259 404 2321 Dum
428 2272 514 2339 rogat
537 2272 566 2323 et
588 2266 665 2343 picta
688 2281 721 2324 se
743 2270 917 2342 tempestate
939 2269 1045 2321 tuetur.

372 2344 471 2405 'fantis
494 2355 576 2425 parta
597 2345 680 2408 maiis
704 2365 774 2408 cura
795 2348 905 2413 maiore
929 2354 1065 2423 metuque

330 2430 497 2490 Servantur.
524 2429 630 2492 biisera
653 2432 813 2508 estmagni
834 2430 965 2491 custodia
987 2425 1108 2489 census!

327 2511 486 2591 Dispositis
509 2515 664 2592 praedives
685 2515 777 2576 barnis
798 2515 923 2592 vigilare
946 2512 1096 2574 eohortem

329 2597 487 2657 Servorum
508 2606 595 2658 noctu
617 2596 732 2658 Licinus
753 2597 850 2674 iubet,
873 2599 1009 2658 attonitus
1031 2613 1086 2676 pro

327 2671 621 2765 Electronsignisquie
647 2684 706 2741 suis
728 2681 913 2761 Phrygiaque
937 2682 1069 2743 columna
1145 2749 1147 2755 7

328 2761 425 2841 fitque
448 2762 538 2824 ebore
564 2772 594 2824 et
616 2764 673 2825 iata
696 2765 850 2826 testudine.
885 2764 972 2826 Dolia
996 2765 1064 2826 nudi

327 2845 394 2908 Non
416 2848 517 2909 ardent
541 2845 657 2925 Cynici3
681 2850 707 2909 si
727 2849 870 2929 fregeris,
893 2849 985 2911 altera
1009 2850 1059 2911 liet
1165 2922 1168 2926 Α

329 2928 401 2992 cras
425 2931 542 3009 domus,
565 2942 652 3013 atque
671 2934 773 2996 eadem
791 2933 910 3014 plnrnbo
927 2934 1080 2995 commissa
1097 2928 1233 2997 manebit.
1261 2945 1315 3002 310

328 3015 426 3076 Sensit
449 3015 634 3094 Alexander,
659 3026 735 3079 testa
756 3037 842 3099 quum
862 3018 934 3079 vidit
954 3020 983 3078 in
1005 3017 1055 3079 illa

326 3097 462 3177 Nagnum
483 3100 691 3179 habitatorem,
715 3111 822 3182 quanto
847 3101 962 3163 felicior
982 3102 1046 3178 bic,
1070 3103 1118 3181 qui

241 3246 243 3250 f
326 3181 375 3244 Nil
398 3194 535 3262 cuperet,
559 3203 644 3264 qnam
668 3188 716 3265 qui
736 3196 828 3248 toturn
850 3186 904 3245 sibi
926 3195 1066 3264 posceret
1090 3186 1203 3264 orbem,

326 3266 469 3329 Passurus
491 3273 584 3348 gestis
606 3272 755 3350 aequanda
778 3269 910 3351 pericula
931 3268 1029 3329 rebus.
1268 3336 1277 3350 ,
1303 3328 1309 3335 .

326 3350 444 3413 Nullum
465 3372 568 3415 numen
590 3355 691 3432 abest,
717 3356 743 3415 si
765 3357 802 3415 sit
823 3352 987 3434 prudentia:
1014 3367 1067 3412 nos
1090 3359 1130 3428 te,
1258 3363 1313 3418 315

327 3434 390 3495 Nos
413 3438 550 3514 facimus,
572 3437 716 3515 Fortuna,
740 3438 833 3502 deam.
868 3434 1003 3497 Mensura
1024 3443 1119 3494 tamen
1138 3451 1214 3512 quae

327 3519 459 3581 Sufficiat
482 3540 603 3599 census,
628 3524 653 3582 si
676 3525 739 3601 quis
761 3541 807 3583 me
834 3517 982 3592 consulat,
1003 3516 1100 3577 edam:

327 3599 516 3681 inquantum
539 3607 602 3665 sitis
623 3614 711 3685 atque
735 3607 827 3667 fames
851 3608 881 3662 et
903 3600 1013 3676 frigora
1027 3611 1168 3680 poscunt,

329 3684 485 3764 Quantum,
506 3687 651 3767 Epicure,
673 3688 725 3749 tibi
746 3690 843 3768 parvis
866 3683 980 3743 suffecit
1000 3684 1030 3743 in
1052 3684 1155 3765 bortis,

329 3767 471 3845 Quantum
493 3772 636 3834 Socratici
661 3781 800 3855 ceperunt
822 3776 888 3834 ante
910 3775 1043 3848 penates.
1256 3783 1310 3839 320
