3267 4409
697 448 824 525 curres
843 450 907 499 rm·
960 486 965 493 .

302 590 400 668 Atque
424 588 519 649 obiter
542 589 624 665 leget
645 588 701 650 aut'
714 590 825 650 scribet
845 590 894 651 vel
916 590 1040 655 dormiet
1059 592 1151 662 intus:
1209 636 1213 643 -

300 674 433 751 Namque
455 673 525 733 facit
546 691 675 733 somnum
692 674 790 735 clauso
811 675 916 735 lectica
937 675 1077 735 fenestra.

301 758 379 818 Ante
400 767 495 816 tamen
513 758 626 817 veniet:
648 757 732 817 nobis
754 758 978 836 properantibus
1000 758 1097 819 obstat

300 842 385 902 Unda
406 843 503 919 prior,
526 859 632 918 magno
653 841 781 921 populns
803 844 908 921 premit
929 844 1042 919 agmine
1062 844 1188 921 lumbos,

250 928 254 937 '
302 926 359 999 Qui
378 926 521 1003 sequitar;
544 926 611 985 ferit
633 926 680 986 lsic
700 925 814 1002 cubito,
836 927 904 985 ferit
926 944 1026 986 assere
1050 924 1122 987 (iuro
1236 939 1288 993 245

299 1009 402 1084 Alter,
424 1019 453 1070 at
474 1009 521 1069 hic
543 1012 651 1086 tignum
669 1011 757 1088 capiti
776 1012 893 1085 incutit,
913 1010 965 1070 ille
986 1019 1146 1077 metretam.
1203 1018 1206 1023 '

300 1094 422 1170 Pinguia
444 1110 528 1153 crura
550 1094 625 1163 luto;
649 1094 747 1171 planta
766 1111 834 1153 mox
855 1094 981 1172 undique
1001 1112 1104 1171 magna

302 1176 410 1237 Calcor
430 1186 458 1236 et
478 1179 507 1235 in
527 1177 618 1254 digito
641 1177 741 1237 clavus
763 1177 831 1237 mibi
851 1178 948 1237 militis
969 1178 1083 1239 haeret.

299 1261 403 1321 Nonne
424 1261 523 1336 vides,
547 1270 653 1339 quanto
677 1260 844 1320 celebretur
865 1262 997 1340 sportula
1017 1260 1117 1322 fumo?

301 1342 423 1404 Centum
446 1347 605 1422 convivae,
629 1347 760 1425 sequitur
777 1363 829 1405 sua
851 1364 994 1424 quemque
1016 1347 1121 1407 culina.
1237 1358 1288 1411 ato

300 1426 430 1489 Corbulo
453 1431 502 1487 vix
523 1429 614 1489 ferret
635 1438 679 1488 tot
701 1447 772 1489 vasa
793 1430 936 1506 ingentia,
959 1436 1002 1489 tot
1020 1449 1072 1489 ¹res

298 1513 453 1591 Impositos
474 1515 578 1590 capiti,
603 1531 674 1591 quas
696 1523 779 1573 recto
800 1515 913 1573 vertice
935 1521 1033 1591 portat

299 1597 440 1657 Servnlus
461 1597 563 1656 infelix
584 1606 615 1657 et
634 1616 720 1657 cursu
743 1597 865 1657 ventilat
884 1599 990 1675 ignem.

299 1680 475 1741 Scindnntur
494 1683 608 1742 tunicae
630 1690 726 1741 sartae
748 1681 852 1750 modo;
876 1681 963 1758 longa
987 1690 1123 1742 coruscat

298 1766 424 1825 Serraco
446 1766 581 1824 veniente
603 1764 701 1840 abies,
725 1774 811 1844 atque
834 1766 930 1837 altera·
946 1767 1041 1844 pinum
1236 1779 1288 1833 255
1337 1790 1347 1803 “

298 1848 430 1908 Plaustra
450 1848 572 1917 vehunt;
595 1858 695 1909 nutant
716 1849 775 1908 alte
792 1850 962 1929 populoque
986 1850 1136 1909 minantur.

298 1931 372 1992 Nam
394 1933 418 1991 si
440 1931 609 2011 procubuit,
633 1935 681 2011 qui
704 1950 774 1993 sarm
795 1932 943 2009 ligustica
964 1940 1062 2010 portat

298 2015 390 2092 Axis,
404 2024 445 2075 -et
467 2034 600 2075 eversum
621 2016 694 2075 ludit
716 2034 805 2094 snper
827 2018 939 2092 agmina
959 2024 1098 2091 montem,

300 2099 375 2173 Quid
398 2108 535 2178 superest
556 2099 593 2158 de
611 2096 806 2179 corporibus?
829 2101 892 2176 quis
912 2098 1055 2173 membre,
1074 2099 1138 2175 quis
1161 2115 1229 2159 ossa

298 2181 433 2243 Invenit?
461 2182 595 2242 obtritum
616 2183 695 2259 vulgi
717 2183 792 2261 perit
814 2200 898 2241 omne
921 2183 1047 2242 cadaver
1236 2193 1288 2246 260

298 2266 382 2326 illore
404 2268 527 2337 animae;
550 2267 652 2326 domus
674 2261 785 2326 interea
806 2283 911 2326 secura
933 2265 1058 2344 patellas

298 2350 357 2410 lam
380 2351 457 2411 lavat
479 2361 508 2412 et
529 2350 623 2411 bucca
645 2350 772 2410 foculum
795 2352 904 2411 excitat
925 2358 954 2409 et
977 2358 1061 2409 sonet
1082 2350 1176 2409 unctis

298 2435 454 2512 striglibus
478 2443 507 2494 et
528 2436 617 2513 pleno
641 2435 896 2513 componitlintea
917 2433 1017 2511 guttoi

297 2510 378 2578 llaec
400 2521 474 2578 inter
493 2537 602 2597 pueros
624 2520 705 2579 varie
726 2528 934 2599 properantur:
957 2518 1057 2579 atille

297 2603 356 2663 lam
375 2603 459 2662 sedet
480 2605 508 2662 in
530 2606 593 2681 ripa
615 2611 778 2681 tetrumque
801 2604 933 2662 novicius
954 2602 1056 2662 horret
1235 2613 1286 2669 265

297 2686 466 2762 Portlrmea,
489 2705 545 2747 nec
567 2697 667 2765 speret
690 2689 811 2747 coenosi
833 2688 956 2764 gurgitis
977 2685 1073 2746 alnum

296 2770 422 2847 Infelix,
445 2789 500 2831 nec
522 2769 610 2830 habet
633 2789 718 2849 qnem
739 2772 871 2849 porriget
891 2787 942 2829 ore
962 2772 1105 2829 trientem.

340 2854 468 2933 Respice
487 2872 563 2914 nunc
586 2854 641 2913 alia
663 2873 698 2914 ae
720 2857 836 2916 diverse
856 2854 987 2932 pericula
1009 2854 1119 2911 noctis:

298 2937 384 3011 Quod
407 2940 530 3016 spatium
551 2939 637 2997 tectis
659 2937 845 3013 sublimibus,
872 2937 947 2996 unde
970 2931 1143 2996 cerebrum*

298 3022 387 3082 Testa
409 3023 492 3098 ierit,
517 3023 632 3100 quoties
654 3023 761 3080 rimoso
779 3030 808 3081 et
830 3028 909 3080 curte
932 3020 1069 3080 fenestris
1122 3024 1125 3029 '
1235 3030 1288 3085 270

296 3106 376 3166 Vasa
396 3107 515 3175 cadunt;
538 3115 645 3184 quanto
666 3122 837 3183 percussum
858 3104 990 3183 pondere
1013 3106 1128 3180 signent
1160 3170 1165 3180 ¹

296 3189 335 3251 Et
351 3191 466 3251 laedant
484 3191 605 3250 silicem.
650 3188 750 3249 Possis
771 3190 893 3266 ignavas
916 3187 1017 3248 baberi
1173 3196 1178 3205 “

295 3274 335 3335 Et
356 3274 442 3335 subiti
465 3292 550 3334 casus
573 3272 766 3351 improvidus,
790 3273 826 3332 ad
849 3289 970 3333 coenam
990 3272 1015 3331 si
1041 3280 1044 3287 '

295 3358 452 3420 Intestatns
473 3377 538 3429 eas;
562 3358 635 3419 adeo
657 3366 701 3417 tot
722 3357 797 3433 fota,
822 3366 894 3434 quot
915 3357 965 3417 illa

295 3443 391 3503 Nocte
410 3450 509 3522 patent
529 3442 635 3520 vigiles
658 3450 687 3502 te
708 3446 914 3520 praetereunte
935 3440 1094 3501 fenestrae.
1233 3446 1286 3503 ato

295 3526 377 3606 Ergo
398 3536 483 3606 optes
504 3536 661 3604 votumque
684 3526 763 3587 feras
783 3523 950 3585 miserabile
970 3534 1078 3602 tecum,

295 3612 333 3672 Ut
355 3613 412 3671 sint
432 3618 587 3671 contentae
608 3610 723 3689 patulas
745 3610 915 3673 defundere
928 3608 1041 3689 pelves.

294 3695 401 3757 Ebrius
424 3714 459 3755 ac
478 3694 629 3774 petulans,
652 3695 699 3773 qui
722 3695 830 3755 nullum
850 3694 927 3754 forte
948 3692 1064 3771 cecidit,

337 3801 394 3842 mv.
411 3801 471 3839 sur.
1094 3786 1120 3838 ‘b
