3267 4409
361 541 402 604 90
577 613 579 617 ¹
687 551 722 598 n.
745 551 816 598 run.
838 547 1024 599 ruvuuums

361 692 509 755 balantem
533 697 562 750 et
584 687 703 748 Laribus
727 690 842 749 cristam
864 690 1033 767 promittere
1055 690 1125 766 galli

362 777 427 839 Non
451 774 571 841 audeut;
596 773 663 851 quid
687 775 760 832 euim
782 791 904 851 sperare
928 774 1098 833 nocentibus
1121 775 1218 851 aegris
1329 796 1346 822 .·

320 862 335 897 ·
362 854 564 920 Concessum?
584 857 633 917 vel
658 874 731 934 quae
754 874 811 916 non
835 856 949 934 dignior
970 857 1064 918 hostia
1084 856 1164 919 vita?
1294 869 1342 923 235

361 944 478 1005 Mobilis
502 951 531 1002 et
552 941 631 1001 varia
654 949 700 1000 est
721 941 812 1000 ferme
833 950 933 1002 natura
955 941 1103 1002 malorum.

362 1028 455 1102 Quum
477 1025 574 1102 scelus
596 1024 759 1099 admittunt,
783 1026 918 1102 superest
939 1028 1114 1094 constantim
1139 1026 1206 1104 quid
1228 1027 1291 1088 ias-

361 1112 459 1190 Atque
482 1110 585 1184 nefas,
607 1110 723 1168 tandem
747 1110 885 1186 incipiunt
908 1110 1016 1168 sentire
1038 1112 1167 1188 peractis

363 1194 544 1256 Criminibus.
578 1191 687 1252 Tamen
709 1192 743 1251 ad
766 1209 863 1251 mores
885 1202 986 1252 natura
1007 1196 1131 1267 recurrit

361 1280 535 1352 Damnatos‚
559 1277 615 1337 [ixa
638 1286 667 1336 et
689 1277 790 1335 mutari
811 1278 921 1336 nescia.
952 1274 1024 1335 Nam
1047 1280 1110 1355 quis
1172 1298 1178 1306 ·
1295 1291 1347 1344 240

361 1362 505 1425 Peccandi
528 1361 613 1421 bnern
633 1362 731 1439 posuit
752 1357 828 1419 sibi?
852 1360 964 1438 quando
988 1363 1102 1440 recepit

361 1447 494 1508 Eiectum
515 1444 606 1505 semel
627 1446 724 1505 attrita
746 1444 782 1503 de
805 1443 901 1504 fronte
924 1442 1080 1504 ruborem?
1299 1512 1303 1519 ¹

362 1531 499 1605 Quisnam
521 1530 665 1590 hominum
688 1527 751 1603 est‚'
774 1545 860 1606 quem
883 1536 912 1587 tu
935 1537 1101 1588 contentum
1118 1529 1227 1590 videris
1247 1549 1304 1592 uno

361 1611 507 1692 Flagitio?
539 1612 616 1672 dabit
638 1613 666 1671 iu
690 1613 825 1688 loqueum
846 1613 971 1688 vestigia
992 1622 1093 1673 noster
1267 1611 1270 1617 ’

361 1698 492 1760 Perfidus
516 1704 545 1756 et
567 1697 641 1773 nigri
663 1697 787 1775 patietur
808 1697 937 1756 carceris
955 1694 1062 1757 uncum
1297 1711 1349 1767 245

362 1782 420 1842 Aut
441 1782 526 1843 maris
548 1778 662 1857 Aegaei
686 1797 788 1857 rupem
811 1780 1010 1857 scopulosque
1034 1782 1204 1861 frequentes

361 1864 504 1926 Exuiibus
524 1866 646 1941 magnis.
675 1863 773 1923 Poena
794 1863 936 1939 gaudebis
960 1880 1056 1925 amara
1077 1863 1086 1870 ’

361 1949 491 2009 Nominis
513 1949 614 2025 invisi,
638 1947 810 2025 tandemque
834 1947 966 2008 fatebere
987 1948 1092 2027 iaetus,

361 2032 425 2094 Nec
447 2035 563 2095 surdum
585 2050 641 2093 uec
663 2031 795 2093 Tiresian
828 2049 999 2110 quemquam
1021 2051 1090 2096 esse
1113 2035 1242 2098 deorum.

677 2367 913 2434 SATIRA
947 2367 1041 2433 XIV.

402 2486 423 2515 4
970 2495 974 2504 .

283 2570 286 2577 ·
361 2496 495 2590 Plurima
518 2533 598 2601 suut,
621 2523 763 2604 Fusciue,
787 2528 912 2589 etfama
936 2527 1021 2605 digua
1046 2525 1162 2606 sinistra

361 2613 399 2673 Et
425 2609 520 2669 nitidis
542 2609 682 2692 maculam
707 2611 859 2673 haesuram
883 2613 1001 2690 figentia
1024 2610 1124 2689 rebus,

338 2695 445 2769 'Quae
467 2702 626 2753 monstrant
650 2695 706 2772 ipsi
729 2697 829 2774 pueris
850 2696 1023 2774 traduntque
1037 2702 1190 2774 parentes.

362 2781 394 2841 si
419 2778 556 2837 damnosa
582 2794 682 2837 senem
707 2778 785 2839 iuvat
805 2780 886 2857 alea,
913 2780 984 2840 ludit
1005 2788 1034 2839 et
1055 2779 1142 2840 heres

361 2863 491 2925 bullatus
514 2879 665 2942 parvoque
688 2864 789 2924 eadem
812 2874 910 2926 movet
933 2881 1010 2925 arma
1031 2862 1144 2923 fritillo:
1330 2874 1347 2925 5

361 2947 426 3008 Nec
445 2945 548 3006 melius
569 2944 606 3006 de
627 2965 660 3007 se
683 2949 815 3026 cuiquam
838 2967 959 3029 sperare
980 2950 1145 3028 propinquo

363 3029 514 3092 Concedet
535 3030 663 3108 iuvenis,
692 3035 739 3111 qui
760 3034 865 3095 radere
886 3033 990 3095 tubera
1012 3041 1121 3108 terrae,

361 3116 495 3177 boletum
517 3114 636 3176 condire
660 3125 689 3176 et
711 3118 815 3179 eodem
839 3120 902 3178 iure
927 3125 1058 3179 natantes

361 3199 499 3277 Mergere
524 3199 664 3287 ficedulas
687 3201 803 3279 didicit,
826 3195 1117 3280 nebulone-parente

283 3354 286 3359 ,
361 3283 399 3345 Et
425 3301 496 3344 cana
517 3293 694 3345 monstrante
718 3287 802 3362 gula:
827 3305 913 3366 quum
936 3286 1074 3363 septimus
1096 3299 1186 3341 annus
1315 3293 1350 3346 10

362 3368 521 3428 Transierit
540 3385 677 3445 puerum,
704 3371 828 3430 noudum
854 3372 930 3430 omui
951 3371 1038 3430 deute
1060 3375 1175 3440 renato,
1241 3384 1247 3405 ¹

360 3453 503 3533 barbatos
528 3451 599 3511 licet
619 3453 776 3514 admoveas
801 3455 881 3515 mille
901 3454 967 3513 inde
991 3451 1157 3525 magistros,
1243 3473 1248 3484 ·

361 3537 434 3598 Hinc
455 3535 591 3613 totidem,
617 3539 716 3616 cupiet
738 3538 816 3598 lauto
845 3554 970 3598 coenare
995 3539 1096 3612 paratu

361 3622 486 3698 Semper
510 3629 540 3680 et
565 3638 582 3680 a
607 3638 710 3698 magna
729 3640 787 3681 non
806 3621 989 3698 degenerare
1014 3614 1118 3676 culina.

360 3703 459 3765 Mitem
482 3704 603 3764 animum
629 3714 657 3764 et
678 3722 776 3765 mores
801 3705 922 3765 modicis
941 3699 1090 3763 erroribus
1116 3717 1228 3777 aequos
1317 3709 1350 3764 lo

360 3787 506 3868 Praecipit
533 3796 620 3868 atque
642 3791 755 3855 animas
772 3806 924 3851 serrorum
947 3795 976 3848 et
1002 3803 1130 3866 corpora
1153 3793 1253 3845 nostra
