3267 4409
726 476 853 527 sauma
875 477 947 526 xv1.
1254 469 1312 530 105

368 617 500 681 Praemia
522 634 598 678 nunc
620 616 676 678 alia
700 625 789 696 atque
811 617 868 678 alia
892 617 1084 680 emolumenta
1104 629 1238 683 notemus
1280 630 1314 686 35

325 704 588 766 sacramentorum.
624 698 794 762 convallem
817 704 983 784 rurislaviti

323 786 478 867 {mprobus
501 794 549 850 aut
571 803 702 865 campum
724 786 792 846 milri
812 787 838 845 si
860 786 970 846 vicinus
993 785 1110 865 ademit,

323 869 363 934 Et
385 889 498 931 sacrum
523 869 624 929 ell‘odit
643 868 739 929 medio
761 870 798 930 de
824 870 913 930 limite
933 888 1044 946 saxum,

324 952 411 1029 Quod
432 972 496 1015 mea
520 971 584 1014 cum
616 953 715 1032 patulo
742 955 833 1014 caluit
861 953 927 1033 puls
956 973 1048 1015 annua
1072 953 1153 1034 libo,

323 1037 450 1100 Debitor
470 1047 519 1098 aut
541 1045 671 1115 sumptas
694 1039 791 1116 pergit
817 1055 876 1097 uon
900 1038 1026 1099 reddere
1052 1057 1193 1120 nummos,
1277 1051 1314 1104 40

322 1121 405 1184 Vana
428 1122 602 1200 supervacui
623 1121 725 1181 dicens
752 1121 948 1201 chirographa
971 1123 1056 1200 ligni:

323 1204 547 1287 Exspectandus
570 1206 626 1264 erit
649 1206 697 1283 qul
721 1205 787 1264 lites
810 1205 927 1265 inchoet
950 1224 1039 1266 annus

323 1290 426 1352 Totius
448 1288 564 1369 populi3
587 1286 640 1348 sed
661 1297 730 1348 tunc
752 1305 870 1368 quoque
889 1290 969 1351 mille
990 1290 1111 1352 iereuda

324 1374 451 1450 Taedia,
471 1373 550 1433 mille
570 1390 685 1432 morae:
709 1374 797 1431 toties
820 1372 962 1434 subsellia
985 1382 1093 1436 tantum

324 1460 509 1525 Sternuntur3
534 1460 590 1517 iam
613 1457 737 1516 lacundo
760 1465 898 1535 ponente¹
915 1458 1048 1519 lacernas
1280 1470 1312 1523 45

326 1539 467 1604 Caedicio
494 1549 524 1601 et
546 1539 642 1601 Fusco
668 1542 723 1599 iam
747 1542 929 1601 micturiente
950 1544 1043 1621 parati

324 1625 512 1704 Digredimur
533 1624 670 1703 lentaque
693 1623 749 1684 lori
771 1642 932 1703 pugnamus
955 1624 1053 1687 arena.

323 1712 380 1772 Ast
401 1709 473 1786 illis,
498 1726 573 1787 quos
594 1726 672 1769 arma
693 1716 794 1786 tegunt
816 1718 847 1769 et
868 1709 983 1770 balteus
1006 1708 1103 1788 ambit,

325 1794 412 1870 Quod
438 1794 575 1873 placitum
596 1801 641 1852 est
663 1792 736 1871 ipsis
762 1790 929 1871 praestltur
948 1805 1064 1875 tempus
1088 1796 1204 1881 agendi,
1263 1814 1273 1830 ·

323 1878 389 1941 Nec
414 1889 463 1937 res
485 1879 617 1937 atteritur
639 1877 727 1953 longo
750 1877 911 1938 suillaminc
934 1878 1021 1939 litis·
1280 1893 1314 1946 50

324 1963 404 2026 Solis
431 1970 585 2041 praeterea
608 1956 732 2020 test'audl
752 1961 889 2021 militibus
912 1964 957 2022 ius

323 2046 402 2107 Vivo
426 2055 508 2126 patre
532 2046 630 2114 datum
654 2062 734 2119 nam,
759 2062 833 2123 quae
859 2055 925 2105 sunt
946 2054 1028 2125 parta
1051 2045 1153 2107 labore

324 2128 466 2207 llilitiae,
490 2130 598 2209 placuit
619 2146 676 2189 nou
697 2145 765 2188 esse
786 2129 815 2189 ln
838 2146 964 2209 corpore
988 2148 1103 2207 census,

327 2214 421 2276 Omue
442 2223 523 2275 tenet
549 2215 629 2274 cuius
654 2215 785 2290 regimen
808 2223 901 2292 pater.
941 2213 1022 2292 Ergo
1046 2212 1201 2294 Coranum,

326 2300 481 2377 signorum
510 2300 644 2359 comitem
666 2306 886 2375 castrorumque
911 2316 979 2359 aera
1001 2308 1172 2376 merentem,
1279 2312 1313 2364 56

327 2383 465 2459 Quamvis
490 2384 545 2442 iam
570 2382 708 2442 tremulus
732 2391 830 2467 captat
852 2391 945 2461 pater.
989 2382 1071 2442 llunc
1096 2383 1180 2444 lavor
1201 2400 1312 2464 aequus

326 2465 464 2529 Provebit
487 2474 516 2526 et
539 2466 662 2546 pulchro
683 2463 778 2525 reddit
800 2484 853 2527 sua
874 2467 949 2527 dona
974 2466 1077 2529 labori.

326 2550 422 2630 lpsius
444 2559 524 2610 certe
547 2551 628 2610 ducis
653 2550 711 2610 lrcc
734 2549 849 2609 referre
870 2552 996 2627 videtur,

327 2634 386 2711 Ut,
414 2636 462 2713 qui
484 2633 567 2694 lortis
589 2636 661 2710 erit,
687 2636 724 2694 sit
744 2632 932 2695 felicissimus
952 2637 1040 2713 idem,

326 2717 366 2781 Ut
390 2717 460 2781 laeti
484 2716 613 2799 phaleris
638 2735 738 2780 omues
761 2726 793 2778 et
812 2718 965 2799 torquibus
991 2738 1100 2781 omues.
1280 2730 1315 2786 60
