3267 4409
539 449 880 512 EPIGRAMMATON
891 398 1020 516 LleV.
1240 451 1301 517 125

349 603 488 682 Miraris,
510 601 703 663 Theodora?
730 601 845 680 Magna
861 610 1027 664 causaest:

351 687 448 748 liones
460 693 495 749 tu
510 689 641 748 mihine
656 694 726 747 tuos
741 684 877 747 libellos.

581 872 584 877 .
709 820 846 885 LXXIV.

354 932 506 1014 Pompeios
520 935 647 993 iuvenes
662 934 735 992 Asia
750 940 842 1013 atque
856 935 997 1013 Europa,
1017 933 1073 995 sed
1087 935 1187 1015 Ipsum
1237 960 1241 965 ·

389 1018 486 1078 'I'erra
500 1019 580 1096 tegit
593 1017 735 1096 Libyae,¹
749 1020 775 1077 si
790 1027 893 1078 tamen
907 1018 971 1078 ulla
984 1020 1072 1098 tegit.

356 1100 423 1176 Quid
437 1104 547 1162 mirum
561 1108 628 1161 toto
644 1103 670 1161 si
685 1104 839 1181 spargitur
855 1104 953 1162 orbe?
981 1102 1085 1164 Iacere

389 1186 452 1247 Uno
467 1205 529 1246 non
544 1191 670 1267 poterat
684 1192 768 1245 tanta
782 1189 871 1246 ruina
886 1185 956 1247 loco
1055 1202 1058 1217 ·

686 1382 691 1392 ,
719 1320 842 1397 cxxv.

361 1435 427 1512 Quae
440 1437 519 1517 legis
535 1457 625 1497 causa
636 1437 742 1517 nupsit
758 1439 816 1496 tibi
830 1435 953 1515 Laelia,
975 1439 1104 1518 Quinte,

341 1598 343 1603 Ι
392 1522 516 1582 Uxorem
530 1528 621 1603 potes
633 1523 712 1581 hanc
730 1521 836 1581 dicere
848 1520 1026 1601 legitimam.

711 1655 846 1718 LXXVI.

363 1763 479 1830 Profecit
492 1777 567 1850 poto
585 1754 785 1830 Mithridates
800 1789 893 1851 saepe
908 1790 1047 1851 veneno,
1085 1756 1091 1763 ’
1203 1831 1208 1843 ,

394 1850 497 1914 'lorica
511 1873 551 1914 ne
566 1862 695 1934 possent
709 1873 798 1914 saera
812 1874 927 1915 nocere
942 1858 1010 1917 sibi.
1140 1926 1150 1934 g

365 1929 400 1992 Iu
410 1957 526 2018 quoqne
542 1940 649 1998 cavisti
665 1939 802 1999 cenando
820 1945 881 1999 tam
895 1939 974 2000 male
989 1958 1124 2025 semper,

392 2019 430 2079 Ne
441 2042 549 2103 posses
564 2043 712 2102 unquam,
724 2025 849 2102 ·Cinna,
870 2027 976 2105 perire
991 2026 1080 2084 fame.

676 2149 681 2155 ’
698 2157 847 2221 LXXVII.

361 2243 484 2328 Narratur
500 2268 584 2330 belle
604 2269 725 2348 quidam
740 2271 870 2350 dixisse,
892 2249 1043 2345 Marulla,

391 2349 440 2426 Qui
452 2359 485 2413 ta
499 2354 587 2414 ferre
601 2353 702 2414 oleum
717 2354 795 2416 dixit
807 2357 841 2415 in
856 2355 1002 2417 auricula.

689 2502 852 2566 LXXVIII.

359 2603 383 2665 Si
394 2612 470 2673 tristi
485 2611 659 2674 domicenio
673 2613 815 2695 laboras,

358 2686 469 2775 Torani,
490 2704 581 2778 potes
597 2701 716 2759 esurire
731 2719 860 2762 mecum.

355 2771 407 2838 Non
424 2780 556 2842 deerunt
572 2784 647 2861 tibi,
669 2786 696 2844 si
709 2780 793 2844 ¹soles
807 2784 999 2862 προπίνειν,

354 2855 422 2923 Viles
436 2865 638 2947 Cappadocae
653 2887 822 2948 gravesque
840 2870 935 2950 porri.

338 2940 447 3009 ollirIsis
463 2951 585 3030 cybium
599 2950 711 3012 latebit
724 2955 805 3031 oris,

350 3026 473 3094 Ponetur
490 3034 595 3113 digitis
611 3036 764 3096 tenendus
778 3037 857 3096 ustis

329 3196 331 3203 Ι
348 3111 428 3195 Nigra
443 3117 592 3180 coliculus
606 3122 711 3180 virens
725 3121 858 3200 patella,

347 3198 498 3280 Algentem
514 3204 605 3263 modo
624 3206 676 3284 qui
691 3205 819 3284 reliquit
832 3206 972 3263 hortum:

345 3280 378 3343 Et
389 3286 506 3368 pultem
521 3288 640 3348 niveam
658 3307 803 3369 premens
818 3266 974 3365 botfllus,
997 3332 1006 3341 -

319 3365 377 3428 llllt
388 3371 509 3450 pallens
524 3373 596 3432 faba
611 3393 678 3433 cum
696 3375 829 3433 rubente
844 3371 942 3432 lardo.

342 3451 461 3517 Mensae
476 3475 604 3516 munera
620 3459 647 3517 si
660 3457 744 3517 voles
759 3455 931 3534 secundae,
960 3482 964 3488 ·

343 3536 513 3601 Marcentes
528 3543 587 3601 tibi
604 3543 804 3622 porrigentur
819 3560 895 3602 uvae

339 3620 374 3683 Et
386 3645 498 3685 nomen
511 3627 581 3704 pira
597 3646 674 3705 quae
688 3626 794 3687 ferunt
810 3627 975 3705 Syrorum,

339 3704 374 3767 Et
387 3729 459 3789 quaa
476 3709 568 3770 docta
582 3709 730 3792 Neapolis
747 3713 881 3791 crearit,
