3267 4409
549 425 889 524 EP1GRAMMATON
903 452 976 516 uua.
992 454 1030 520 x.
1246 453 1311 523 241

353 609 396 669 Et
411 629 475 669 nou
492 597 581 666 unlus
597 612 754 688 spectator
767 604 899 667 lectulus
911 606 1026 685 undae,

312 702 347 756 10
398 694 457 769 Qui
473 690 559 753 videt
572 692 644 750 hinc
658 709 776 770 puppes
791 692 941 769 fluminis,
963 691 1036 752 inde
1051 695 1158 755 maris!

353 776 418 837 Sed
434 796 492 837 nec
508 773 653 836 Marcelli
666 775 963 855 Pompeianumque,
985 795 1044 836 nec
1059 777 1125 839 illic

396 861 475 921 Sunt
489 858 631 938 triplices
648 860 805 936 thermae,
822 879 880 919 nec
896 861 964 920 fora
978 863 1082 921 iuncta
1097 869 1223 942 quater,

352 946 419 1006 Nec
434 945 601 1026 Capituliui
617 963 763 1002 summum
778 945 940 1023 penetrale
957 946 1123 1024 'I'onantiS,

395 1031 543 1110 Quaeque
558 1030 660 1087 nitent
675 1025 760 1087 caelo
778 1031 914 1107 proxima
928 1028 1045 1111 templa
1060 1049 1124 1091 suo.

330 1123 364 1175 15
371 1113 485 1174 Dicere
500 1120 532 1174 te
543 1112 658 1173 lassum
673 1112 815 1189 quotiens
831 1131 887 1190 ego
903 1114 997 1173 credo
1014 1115 1156 1191 Quirino:

393 1199 503 1277 „Quae
517 1203 569 1258 tua
590 1203 678 1272 sunt,
699 1196 758 1254 tibi
773 1197 868 1255 habe:
890 1217 968 1277 quae
983 1217 1067 1277 mea,
1088 1198 1187 1259 redde
1202 1198 1308 1262 mihi.“

763 1330 826 1390 LII,

352 1441 481 1523 Thelyn
497 1439 617 1502 uiderat
633 1441 665 1500 in
680 1447 752 1519 tuga
767 1440 943 1520 spadonem.

351 1527 528 1587 Damnatam
543 1527 640 1585 Nmna
655 1525 731 1584 diuit
746 1544 815 1585 esse
831 1527 997 1590 moecham.

752 1661 828 1720 LIII.

352 1771 410 1834 IIIe
426 1792 485 1852 ego
500 1793 564 1837 sum
582 1774 732 1854 Scorpus,
756 1773 883 1834 clamosi
899 1774 997 1854 gloria
1013 1775 1113 1852 Circi,

390 1856 537 1935 Plausus,
558 1859 669 1933 Roma,
688 1859 733 1917 tui
750 1857 942 1938 deliciaeque
958 1861 1084 1937 breves,

350 1941 455 2002 Invida
471 1960 560 2020 quem
575 1941 721 2000 Lachesis
736 1949 857 2022 raptum
871 1940 1035 2003 trieteride
1049 1961 1130 2001 nona

391 2026 471 2086 num
485 2031 626 2086 numerat
640 2023 772 2105 palmas,
794 2023 929 2088 credidit
943 2045 1012 2087 erse
1027 2043 1143 2088 senem.

751 2174 828 2237 LIV.

350 2286 494 2366 Menses,
516 2285 592 2365 Ole,
612 2289 707 2349 bonas
722 2289 829 2368 punis,
845 2286 900 2347 sed
914 2288 1003 2368 ponis
1020 2294 1153 2368 opertas.

391 2370 570 2434 Ridiculum
584 2378 646 2431 est:
666 2392 791 2452 possum
806 2373 851 2432 sic
865 2391 922 2452 ego
937 2375 1053 2435 habere
1068 2374 1174 2436 bonas.

756 2507 822 2570 LV.

352 2623 518 2683 Arrectum
535 2622 677 2700 quotiens
694 2619 830 2682 Marulla
844 2638 957 2701 penem

334 2704 496 2767 'Pensavit
511 2705 615 2784 digitis
630 2704 743 2786 diuque
760 2724 864 2765 mensa
878 2711 943 2783 est,

349 2791 476 2869 Libras,
498 2790 632 2870 scripula
646 2789 841 2868 sextulasque
858 2787 942 2850 dicit.

349 2873 434 2935 Idem
449 2882 521 2955 post
536 2895 611 2954 opus
627 2881 659 2934 et
676 2894 745 2934 suas
757 2872 928 2955 palaestras

326 2959 432 3022 §Loro
449 2979 517 3019 cum
533 2959 642 3018 similis
657 2960 738 3019 iacet
753 2960 882 3017 remIsso
892 2999 914 3040 ,⁵

351 3044 471 3120 Quanto
487 3046 528 3104 sit
544 3042 645 3103 levior
657 3041 791 3103 Marulla
805 3041 890 3100 dicit.

352 3128 420 3187 Non
436 3146 511 3206 ergo
528 3133 576 3188 est
590 3147 695 3187 manus
709 3127 785 3204 ista,
805 3123 862 3184 sed
878 3127 1002 3183 statera.

626 3302 629 3307 -
748 3260 826 3322 LVI.

352 3374 459 3454 Totis,
481 3375 587 3454 Galle,
608 3377 697 3436 iubes
714 3375 836 3434 tibine
852 3372 969 3433 servire
985 3367 1095 3444 diebus

394 3461 435 3520 Et
449 3480 507 3540 per
520 3461 705 3520 Aventinum
720 3466 771 3518 ter
785 3464 895 3537 quater
908 3457 956 3516 ire
972 3454 1079 3516 lutum.

352 3544 466 3605 Eximit
483 3551 533 3604 aut
547 3545 650 3604 reiicit
666 3544 790 3604 dentem
807 3540 976 3603 Cascellius
993 3557 1134 3618 aegrum,

395 3628 643 3700 Infestos-oculis
658 3629 738 3702 uris,
761 3628 900 3707 HygIne,
919 3626 1017 3705 pilos3

331 3713 432 3859 iaNpr¹
441 3718 526 3774 secat
541 3719 573 3775 et
588 3712 672 3775 tollit
685 3710 854 3811 stillantem
867 3710 1005 3772 Fannius
1018 3726 1134 3859 m&
1155 3710 1164 3719 ''
1180 3676 1378 3904 ‘

435 3817 504 3860 aaa.
1173 3852 1176 3859 .
