3267 4409
645 499 690 560 nl.
704 498 797 560 HL.
813 498 1040 559 nummus

378 662 394 711 5
408 648 588 729 Deprcudat
600 669 695 708 rac-uo
708 656 837 708 cenatur
848 651 883 708 iu
896 653 969 709 aire
981 650 1143 729 praedam,

451 735 485 792 Si
501 742 627 812 captare
640 734 725 792 ieras
738 735 865 812 aucupis
878 744 946 793 arte
958 734 1071 814 placet.

312 910 315 919 Ι
407 932 493 1010 inter
509 949 681 1008 Caesareae
695 851 873 1007 dbmrga
887 967 978 1007 saera
990 949 1105 1008 Dianae
1181 920 1185 927 Ι

448 1034 583 1092 Firisset
596 1030 750 1109 gravidam
761 1052 830 1090 cum
843 1030 922 1090 leris
936 1034 1025 1091 basta
1036 1052 1138 1110 suem,

405 1116 523 1177 Exiiuit
536 1124 642 1194 partus
656 1117 788 1174 miserae
802 1114 845 1173 (ie
857 1114 986 1174 uulnere
999 1119 1114 1177 matria

389 1229 394 1238 ·
449 1201 476 1258 0
490 1200 606 1258 Lucina
619 1199 726 1275 ferox,
743 1199 803 1256 hoc
816 1200 978 1277 peperisse
989 1200 1070 1258 fuit?

383 1282 553 1346 5Pluribus
569 1281 624 1341 illa
637 1283 716 1340 mori
730 1281 878 1341 voluisset
891 1285 993 1341 saucia
1006 1282 1097 1360 telis,

448 1368 597 1425 Omnibus
611 1375 645 1424 ut
657 1367 740 1423 uatis
753 1367 846 1424 triste
862 1374 986 1444 pateret
1000 1369 1071 1426 iter.

406 1452 482 1527 Quis
497 1457 589 1526 negat
603 1467 673 1508 esse
688 1458 785 1508 satum
799 1458 939 1508 materno
953 1451 1064 1510 iuuere
1081 1452 1256 1513 bacchum?

448 1534 500 1593 Sic
515 1534 652 1612 genitum
665 1552 779 1592 numen
793 1532 931 1592 credite:
952 1543 1024 1593 uate
1038 1535 1107 1595 iere
1120 1543 1178 1596 est

795 1653 873 1713 xlii

405 1752 468 1810 icta
482 1751 567 1827 gravi
580 1751 867 1830 telo'confossaque
880 1749 1010 1810 vulnere
1023 1758 1123 1809 mater

448 1834 508 1893 Sus
523 1835 644 1912 pariter
654 1835 745 1893 vitam
761 1834 900 1913 perdidit
914 1843 1006 1913 atque
1020 1833 1117 1894 dedit„

403 1917 431 1977 0
448 1937 537 1995 quam
551 1925 637 1976 certa
651 1917 711 1977 fuit
725 1916 839 1978 librato
855 1918 983 1978 dextera
997 1919 1099 1978 ferro!

447 2003 536 2061 Hauc
550 2019 608 2079 ego
622 2002 758 2061 Lucinae
773 2001 869 2061 credo
883 2003 979 2061 fuisse
993 2021 1122 2060 manum.

381 2086 541 2164 5Experta
560 2093 609 2144 est
622 2103 735 2144 numen
749 2087 885 2145 moriens
898 2086 1057 2162 utriusque
1071 2085 1204 2161 Dianae,
1270 2082 1280 2091 '

445 2171 574 2249 Quaque
590 2168 690 2229 soluta
703 2188 816 2249 parens
831 2188 951 2249 quaque
965 2175 1126 2250 perempta
1139 2169 1209 2228 iera
1222 2177 1279 2229 est.

680 2347 693 2359 ,
792 2285 874 2349 xiv.

404 2382 462 2441 Sus
476 2383 545 2441 fera
557 2384 618 2441 iam
633 2384 756 2461 grauior
770 2385 882 2442 maturi
897 2386 1028 2464 pignore
1042 2387 1161 2444 ventris
1279 2379 1288 2387 ”

443 2466 556 2525 Emisit
570 2466 684 2542 fetum,
705 2466 833 2527 vulnere
847 2468 928 2527 factu
942 2488 1072 2548 parens3

400 2549 466 2608 Nec
479 2550 574 2608 iacuit
586 2556 708 2629 partus,
729 2549 786 2609 sed
798 2558 897 2611 matre
912 2552 1042 2612 cadente
1056 2555 1202 2614 cucurrit.

444 2632 472 2692 0
487 2639 632 2712 quantum
647 2639 696 2692 cst
709 2635 819 2695 subitis
835 2636 954 2697 casibus
968 2638 1138 2715 ingenium!

799 2753 868 2816 XV.

402 2848 524 2908 Summa
537 2855 627 2926 tuae,
648 2849 828 2928 Meleagre‚
849 2852 909 2911 fuit
925 2871 1003 2929 quae
1016 2851 1114 2930 gloria
1130 2851 1243 2931 famae,

445 2933 597 3007 Quantum
612 2934 675 2992 est!
705 2935 899 3013 Carpophori
913 2937 1015 3014 portio
1030 2936 1115 2994 fusus
1132 2955 1216 3016 aper.

401 3014 460 3076 lile
476 3025 508 3076 et
520 3017 684 3097 praecipiti
701 3017 849 3077 venabula
864 3018 1004 3078 condidit
1017 3037 1106 3096 urso,

443 3101 564 3160 Primus
578 3102 610 3159 iu
626 3102 734 3161 Arctoi
750 3104 801 3180 qui
816 3102 876 3162 fuit
890 3121 961 3162 arce
975 3101 1057 3182 poli,

378 3184 517 3244 bStravit
531 3191 563 3244 et
577 3187 680 3263 ignota
696 3185 896 3265 spectandum
910 3185 991 3245 male
1008 3185 1147 3261 leonem,

383 3298 394 3314 ι
443 3268 614 3328 Herculeas
627 3269 729 3349 potuit
744 3272 795 3348 qui
811 3269 951 3329 decuisse
968 3289 1089 3345 manus,

398 3350 439 3410 Et
451 3350 608 3411 volucrem
621 3351 713 3430 longo
729 3349 870 3431 porr'cuit
881 3352 1009 3412 volnere
1023 3351 1162 3432 pardum.

442 3433 583 3495 Praemia
601 3456 668 3496 cum
684 3435 807 3495 tandem
822 3436 939 3514 ferret,
959 3437 1057 3496 adhuc
1070 3441 1205 3516 poterat.

797 3553 877 3616 XVI.

402 3649 517 3728 Raptus
533 3651 596 3709 abit
610 3650 710 3711 media
725 3651 807 3730 quod
822 3651 860 3712 ad
876 3655 1001 3714 aethera
1016 3662 1120 3715 taurus
1135 3655 1266 3732 harena,

442 3734 508 3792 Nou
523 3733 581 3792 fuit
596 3734 655 3795 boc
671 3737 762 3813 artis,
784 3735 840 3797 scd
855 3737 979 3817 pietatis
995 3757 1080 3819 opus.
