3267 4409
508 459 850 523 EPIGRAMMATON
862 461 936 524 LlB.
954 454 991 527 ll.
1227 464 1268 526 59

665 662 830 728 LXXXIX.

308 775 403 856 Quod
414 775 511 836 nimio
529 773 643 854 gaudes
657 780 781 840 noctem
796 775 972 856 producere
986 779 1074 859 vino,

351 863 501 940 Ignosco:
522 861 645 936 vitium,
667 860 786 939 (laune,
809 861 936 922 Catonis
950 864 1055 926 habes.

309 945 455 1008 Carmina
470 943 554 1023 quod
569 945 679 1003 scribis
693 944 792 1004 Musis
809 951 842 1004 et
855 944 1002 1025 Apolline
1016 946 1119 1025 nullo,

351 1027 488 1088 Laudari
505 1027 617 1087 debes:
639 1029 699 1087 hoc
715 1029 875 1088 Ciceronis
889 1030 994 1092 habes.

288 1112 532 1191 5Quodvomis',
554 1112 686 1171 Antoni:
710 1113 792 1190 quod
807 1111 990 1192 luxurieris,
1015 1116 1120 1195 Apici:

351 1194 445 1275 Quod
457 1194 566 1274 fellas,
587 1196 695 1256 vitium
709 1195 758 1256 dic
771 1197 846 1256 milri
862 1198 946 1257 cuius
962 1199 1080 1259 habes?
1098 1258 1102 1263 .

717 1359 782 1424 XC.

312 1473 520 1554 Quintiliane,
541 1492 635 1553 vagae
649 1473 828 1534 moderator
842 1495 958 1536 summe
972 1478 1130 1555 iuventae,

352 1557 464 1619 Gloria
478 1557 650 1636 hmanas,
673 1558 880 1639 Quintiliane,
901 1567 1007 1640 togae,

310 1645 426 1706 Vivere
443 1637 527 1722 qdod
541 1661 677 1723 propero
692 1662 809 1723 pauper
824 1664 883 1704 nec
896 1644 1016 1717 inutilis
1032 1645 1135 1722 annis,

353 1728 400 1787 Da
413 1729 549 1787 veniam:
570 1733 720 1806 properat
733 1729 837 1789 vivere
852 1748 942 1790 nemo
958 1730 1041 1789 satis.

292 1813 447 1875 allideret
459 1813 519 1871 hoc
533 1812 652 1890 patrios
667 1818 753 1891 optat
768 1814 820 1890 qni
834 1815 959 1874 vincere
974 1831 1084 1873 census

354 1897 506 1974 Atriaque
521 1895 693 1955 immodicis
708 1902 788 1954 artat
799 1898 991 1975 imaginibus.

313 1981 366 2042 Me
381 1979 470 2040 focus
486 1986 518 2038 et
533 1980 638 2056 nigros
652 1999 715 2038 non
729 1979 920 2058 indignantia
934 1982 1034 2041 fumos

355 2064 456 2124 Tecta
469 2065 574 2123 idvant
588 2069 621 2122 et
633 2062 703 2122 fons
716 2065 800 2124 vivus
816 2074 849 2124 et
862 2067 960 2125 herba
972 2062 1068 2124 rudis.

314 2148 361 2209 sit
375 2149 451 2208 milri
464 2166 559 2208 verna
574 2154 675 2225 satur,
697 2148 812 2208 sitnon
829 2147 1006 2223 doctissima
1018 2146 1164 2220 coniunx,

280 2243 309 2295 10
353 2233 401 2293 Sit
413 2253 474 2292 nox
488 2251 556 2291 cum
570 2251 692 2309 somno,
713 2234 754 2292 sit
768 2235 835 2293 sine
849 2234 906 2294 lite
922 2233 998 2295 dies.

707 2393 787 2456 XCI.

315 2524 429 2583 Rerum
444 2528 532 2582 certa
546 2519 644 2599 salus,
661 2527 816 2605 terrarum
831 2519 946 2600 gloria,
968 2521 1102 2598 Caesar,

258 2636 261 2641 ·
340 2608 481 2687 ,Sospite
496 2626 557 2685 quo
572 2625 696 2685 magnos
711 2605 865 2665 oredimus
881 2624 950 2665 esse
966 2604 1059 2682 deor,

315 2690 347 2750 Si
360 2692 517 2751 festinatis
531 2693 647 2750 totiens
660 2691 718 2750 tibi
730 2689 812 2750 lecta
825 2688 949 2750 libellis

355 2777 527 2836 Detinuere
545 2775 649 2835 oculos
664 2776 798 2835 earmina
811 2780 918 2834 nostra
931 2780 1016 2851 tuos,

298 2860 406 2937 5Quod
419 2861 545 2919 fortuna
558 2866 641 2919 vetat
654 2859 739 2936 fieri,
761 2861 908 2939 permitte
923 2858 1039 2934 videri,

349 2945 504 3004 -Natorum
519 2944 642 3020 genitor
657 2941 767 3002 credar
781 2949 816 3003 ut
832 2961 901 3002 esse
917 2945 1019 3004 trium.

316 3029 417 3106 llaec,
440 3029 466 3087 ri
480 3024 640 3106 displicui,
659 3027 777 3086 fuerint
792 3026 903 3086 solatia
916 3029 1024 3099 uobis:

286 3136 294 3153 ·
355 3114 443 3172 llaec
458 3111 577 3171 luerint
590 3112 847 3191 nobispraemia,
871 3112 897 3171 si
911 3111 1022 3191 placui.

703 3241 795 3335 xero.

316 3388 462 3448 Natorum
477 3389 552 3448 milri
569 3389 616 3447 ius
630 3388 724 3447 trium
737 3388 861 3464 roganti

316 3472 473 3533 Musarum
487 3473 622 3553 pretium
638 3470 725 3531 dedit
738 3489 876 3530 mearum

319 3555 407 3616 Solus
423 3558 476 3636 qui
489 3563 623 3637 poterat.
651 3554 797 3632 Valebis,
818 3573 903 3613 uxor.

319 3640 386 3700 Non
401 3639 495 3702 debet
510 3640 626 3702 domini
640 3641 746 3721 perire
761 3657 879 3700 munus.
