3267 4409
326 502 379 550 xu
733 468 941 550 resurrrro.

327 655 454 717 Cornuti
465 675 576 716 nomen
591 656 738 717 immerito
752 676 827 736 prae
842 656 994 730 referunt,
1004 663 1107 716 temen
1119 650 1160 715 ad
1175 675 1243 717 eam
1256 675 1308 716 ae·

326 749 420 801 tatem
434 740 610 813 ascendunt,
627 760 706 821 quae
720 760 782 800 non
795 738 884 800 modo
906 760 1009 801 omnes
1025 748 1173 820 quotquot
1189 748 1311 800 exstant

328 823 449 885 codices
464 824 557 902 longe
572 832 711 902 superet,
727 823 783 883 sed
800 825 893 883 etiam
906 825 1212 902 purioreagenuinae
1231 824 1309 884 anti·

329 908 452 988 quitatis
472 907 572 967 fontes
587 928 678 988 qnam
695 907 727 964 hi
740 908 799 985 ipsi
814 907 900 966 adire
911 909 1048 985 potuisse
1062 906 1213 966 videatur.
1229 906 1311 966 Nam

329 990 410 1071 quod
424 992 497 1053 Otto
514 991 538 1050 J
538 990 647 1050 ahnius
668 992 700 1049 in
717 989 850 1049 editione
872 992 987 1068 majore
1005 991 1103 1068 ipsam
1119 989 1312 1050 Scholiorum

328 1076 537 1135 auctoritatem
553 1075 630 1134 adeo
646 1074 769 1134 elevare
784 1082 910 1133 conatus
926 1083 987 1147 est,
1001 1082 1035 1132 ut
1050 1093 1088 1132 ea
1103 1072 1143 1131 ad
1156 1072 1312 1132 undecimi

327 1178 425 1238 usque
440 1158 555 1219 saeculi
569 1159 699 1236 ineptias
714 1156 904 1235 deprimeret,
919 1159 1016 1217 virum
1030 1157 1259 1233 integerrimum
1270 1157 1311 1215 si·

328 1241 390 1302 mul
405 1250 436 1301 et
453 1240 699 1314 eruditissimum,
716 1242 764 1300 cui
778 1240 902 1300 Persius
923 1243 977 1301 uni
992 1240 1062 1319 plus
1081 1259 1172 1326 quarn
1193 1240 1310 1318 superi-

329 1325 430 1385 oribus
448 1324 582 1384 omnibus
603 1327 635 1384 in
652 1345 745 1384 unum
760 1324 896 1384 collectis
913 1324 1020 1397 debet,
1037 1324 1119 1383 illius
1137 1322 1249 1400 judicii
1264 1343 1309 1384 er·

328 1428 427 1468 rorem
444 1409 556 1468 dudum
579 1409 728 1485 abjecisse
749 1407 883 1481 confido,
903 1416 1064 1487 postquam
1084 1415 1114 1466 et
1130 1405 1273 1467 Osannus
1288 1407 1310 1466 1.

330 1513 356 1551 e.
373 1512 404 1571 p.
421 1493 514 1550 LXII
533 1512 600 1573 sqq.
627 1492 780 1571 complura
802 1490 890 1550 docte
914 1499 1018 1550 contra
1038 1491 1124 1549 illum
1142 1491 1260 1551 monuit
1281 1499 1312 1550 et

328 1594 384 1634 nos
405 1583 468 1633 tum
484 1575 517 1633 in
530 1576 669 1634 Prooem.
688 1576 760 1635 lect.
776 1573 859 1634 Gott.
880 1572 959 1635 1846
981 1575 1032 1633 vel
1052 1573 1162 1633 Isidori
1179 1582 1312 1634 aetatem

330 1656 454 1717 Scholia
475 1667 578 1717 nostra
594 1658 759 1731 excedere,
784 1666 848 1716 turn
864 1659 896 1715 in
909 1658 986 1736 disp.
1008 1658 1046 1717 de
1059 1656 1250 1717 Scholiorum
1270 1656 1312 1716 ad

312 1735 514 1802 'Juvenalem
534 1761 648 1819 genere
670 1741 820 1801 deteriore
840 1741 1021 1801 lectionibus
1042 1741 1167 1800 aestivis
1183 1760 1212 1799 a.
1229 1737 1311 1802 1849

329 1824 496 1905 praemissa
516 1833 633 1884 tantum
652 1826 731 1883 inter
751 1824 830 1883 haec
856 1831 887 1882 et
906 1823 1248 1887 Pseudo-Oomutiana
1270 1822 1312 1883 ad

329 1907 515 1968 Juvenalem
529 1909 676 1968 iuteresse
694 1908 979 1981 demonstravimus,
1000 1916 1034 1967 ut
1055 1927 1143 1968 omne
1159 1908 1243 1967 illius
1260 1928 1310 1967 co-

329 1993 457 2051 naminis
474 1992 702 2052 fundamentum
715 1991 933 2051 labefactatum
954 1993 1002 2050 sit.
1045 1991 1095 2050 Ne
1117 1992 1186 2071 quis
1209 1998 1312 2050 autem

329 2076 388 2154 ipsi
404 2095 494 2155 quam
507 2096 563 2135 nos
584 2084 702 2136 tuemur
726 2074 915 2134 Scholiorum
938 2075 1032 2134 aetati
1052 2075 1312 2134 Barcinonensem

330 2160 488 2218 satirarum
500 2161 708 2220 recensionem
722 2159 915 2238 aequiperet,
928 2179 1019 2238 quam
1032 2178 1051 2216 a
1065 2159 1168 2218 nescio
1184 2178 1244 2237 quo
1260 2157 1310 2217 Fl.

329 2241 411 2302 Julii-
421 2243 571 2302 Herennfi
583 2243 690 2302 Sabini
699 2243 737 2302 V.
747 2241 781 2301 (l.
796 2250 967 2321 protectore
980 2242 1144 2302 domestico
1157 2260 1185 2298 a.
1196 2262 1226 2320 p.
1238 2240 1310 2300 chr.

330 2323 392 2385 402
413 2327 579 2385 institutam
599 2326 799 2407 antiquissimi
820 2326 941 2385 codices
962 2325 1256 2404 Montispcssulanus
1281 2333 1313 2384 et

330 2409 483 2470 Romanus
509 2410 728 2489 subscriptione
750 2428 805 2468 sua
825 2417 988 2482 testantur,
1007 2409 1098 2487 hujus
1112 2408 1313 2481 recensionis,

331 2493 421 2552 etiam
443 2493 471 2550 si
491 2492 621 2551 maxime
644 2491 833 2551 Scholiorum
852 2500 984 2552 aetutem
1003 2499 1135 2572 superet,
1157 2493 1225 2570 ipse
1240 2491 1310 2551 sub·

331 2575 457 2652 scriptor
472 2573 563 2633 fidem
581 2575 739 2652 insigniter
751 2576 859 2633 minuit
876 2575 1001 2634 fatendo
1018 2596 1051 2636 se
1067 2576 1311 2650 sine-ascyroplo

330 2661 476 2716 emendare
489 2665 647 2730 impluere·
660 2658 719 2736 ipsi
735 2658 866 2738 denique
878 2667 1026 2738 quotquot
1041 2667 1163 2718 exstant
1178 2658 1310 2732 codices,

330 2743 357 2821 si
375 2742 413 2801 ab
435 2742 545 2819 exiguo
559 2741 749 2821 palimpsesti
769 2742 938 2820 fragmento
955 2743 1106 2803 Vaticano
1122 2741 1323 2817 discesseris,¹

329 2827 409 2884 intra
428 2846 545 2885 nonum
560 2825 611 2885 vel
638 2825 786 2885 decimum
807 2827 963 2890 saeculum
988 2826 1092 2906 scripti
1117 2833 1202 2901 sunt3
1230 2844 1311 2906 quae

331 2929 422 2988 quum
435 2911 479 2968 ita
496 2911 565 2983 sint,
581 2911 761 2970 etiamnunc
776 2910 853 2970 illud
866 2919 966 2985 teneo,
979 2911 1060 2991 quod
1076 2909 1312 2973 inLectionibus

329 2993 483 3052 Persianis
506 2991 603 3051 Marb.
628 2991 707 3052 1842
727 2993 817 3055 editis
838 2996 992 3074 professus
1011 2995 1063 3054 vel
1085 2993 1216 3052 inventis
1234 2992 1310 3051 anti·

331 3077 481 3157 quissimis
496 3077 557 3136 illis
573 3076 657 3136 libris
673 3079 705 3136 in
718 3078 876 3138 Analectis
893 3079 931 3139 dc
947 3087 1047 3139 aetate
1063 3085 1093 3137 et
1106 3096 1164 3136 usu
1173 3075 1310 3135 Scholio-

329 3179 396 3218 rum
412 3160 626 3219 Persianorum
644 3161 743 3221 denuo
767 3161 905 3235 defendi,
927 3164 959 3222 in
983 3159 1193 3222 constituenda
1211 3159 1312 3218 Persii

329 3243 462 3302 lectione
484 3244 621 3323 principe
643 3244 712 3303 loco
736 3243 926 3304 Scholiorum
951 3254 1044 3324 atque
1071 3245 1118 3303 his
1140 3243 1312 3303 tacentibus

331 3325 450 3385 demum
472 3329 610 3406 quamvis
630 3327 777 3387 bonorum
803 3328 941 3388 codicum
963 3328 1135 3387 testimonia
1159 3324 1312 3386 audienda

331 3429 409 3469 esse.
445 3409 627 3490 Quanquam
640 3416 689 3470 ne'
700 3412 806 3470 horum
827 3411 949 3491 quidem
968 3418 1086 3469 tantum
1105 3409 1143 3468 ab
1166 3410 1237 3468 illis
1251 3408 1311 3469 dis-

332 3493 445 3553 crimen
457 3502 566 3567 exstat,
573 3503 607 3553 ut
622 3495 687 3554 sive
703 3495 771 3574 quis
785 3503 904 3553 nostras
917 3493 983 3553 sive
998 3493 1021 3552 J
1022 3493 1105 3551 alrnii
1116 3493 1250 3552 rationes
1264 3513 1311 3552 se·

332 3586 455 3656 quatur,
477 3576 515 3636 de
534 3578 633 3636 satiris
657 3579 730 3637 satis
751 3577 910 3636 emendate
930 3574 1069 3653 legendis
1090 3575 1314 3654 desperandum
1336 3606 1339 3611 ’

331 3661 385 3736 sit3
404 3661 492 3719 immo
507 3668 593 3719 tanta
608 3660 714 3732 horum
734 3660 973 3719 testimoniorum
991 3660 1179 3738 praestantia
1194 3660 1312 3720 tentus-

255 3765 260 3777 ‘
332 3763 390 3822 que
406 3745 438 3802 in
451 3744 587 3822 plurimis
600 3753 630 3802 et
641 3743 827 3819 gravissimis
840 3743 915 3802 locis
932 3761 1096 3801 consensus
1112 3749 1167 3813 est,
1182 3751 1216 3801 ut
1231 3743 1314 3822 quod

328 3827 390 3899 jam
403 3836 474 3888 ante
487 3827 542 3886 hos
556 3827 665 3904 viginti
679 3844 774 3884 annos
784 3824 817 3885 in
823 3826 952 3906 Ephem.
961 3825 1063 3886 Schol.
1072 3826 1206 3887 Dsrmst.
1223 3823 1312 3900 1833,
