3267 4409
325 450 367 515 88
645 451 690 514 Μ.
705 450 797 514 VAL.
814 449 1041 513 olan'rlaus
1117 486 1127 503 x
1204 491 1212 499 -

436 590 550 678 ”Dona‚
571 601 767 680 peregrinam
780 600 929 659 mittimus
943 598 1172 661 endromidem:
1187 637 1229 648 -

386 686 471 746 osea
484 684 603 745 lentum
618 702 740 743 ceroma
754 685 831 743 teris
846 682 1023 763 tepidumve
1040 685 1178 763 trigona,

450 770 521 829 Sive
536 770 680 847 harpasta
694 787 785 826 mauu
798 765 1017 846 pulverulenta
1030 768 1152 849 rapior
1219 762 1224 771 “

406 852 532 914 Plumea
547 871 603 912 seu
614 851 677 911 laxi
690 852 816 930 partiris
830 849 969 930 pondera
983 850 1086 929 follis,
1162 884 1166 903 ι

449 937 520 996 Sive
534 935 635 996 levem
650 955 742 995 cursu
755 935 880 994 vincere
896 936 1152 1013 quaerisAthan:
1167 970 1211 980 —
1293 982 1296 989 .

405 1020 452 1081 Ne
467 1020 605 1080 madidos
618 1020 717 1079 intret
729 1018 924 1098 penetrabile
937 1020 1036 1097 frigus
1050 1021 1084 1079 iu
1098 1025 1201 1097 anus,

364 1115 398 1167 10
446 1105 531 1165 Neve
548 1105 647 1183 gravis
661 1103 762 1162 subita
776 1108 808 1162 te
824 1109 945 1182 premat
960 1105 1017 1163 lris
1032 1122 1125 1181 aqua:

404 1188 533 1250 Ridebis
547 1194 655 1247 ventos
670 1187 730 1246 hoc
744 1205 872 1247 munere
887 1193 989 1246 tectus
1003 1193 1037 1246 et
1049 1188 1183 1247 imbres:

447 1273 512 1333 Nec
529 1272 622 1331 sicin
637 1271 735 1350 Tyria
748 1270 879 1331 sindone
893 1270 995 1331 cultus
1010 1272 1082 1332 oris.

809 1404 877 1466 XX.
976 1408 979 1415 '

405 1515 489 1574 Dicit
502 1532 536 1574 se
550 1503 701 1594 vetulam,
723 1536 791 1576 cum
809 1518 851 1576 ait
864 1514 1019 1576 Caerellia
1033 1536 1129 1596 pupa:

446 1598 562 1679 Pupam
578 1619 612 1660 se
628 1599 705 1659 dicit
720 1600 840 1678 Gellia,
861 1620 928 1660 cum
943 1602 984 1660 sit
1000 1619 1085 1662 auus.

315 1726 321 1737 .
405 1682 504 1742 Ferre
519 1703 578 1744 nec
591 1685 671 1743 hanc
683 1686 801 1763 possis,
823 1686 940 1762 possis,
963 1681 1104 1763 Golliue,
1124 1681 1294 1745 necillam:

446 1767 556 1827 Altera
570 1765 702 1829 ridicula
716 1774 781 1847 est,
802 1767 902 1827 altera
916 1765 1066 1847 putidulo.
1139 1842 1142 1847 y

797 1902 876 1962 XXI.
964 1961 967 1966 .

404 2008 515 2074 Nullos
529 2031 599 2074 esse
614 2012 705 2093 deos,
726 2014 819 2075 tuane
839 2013 956 2077 caelum

406 2099 550 2159 Affirmat
564 2098 673 2177 Segins
686 2100 876 2178 probatque,
899 2097 980 2178 quod
995 2116 1029 2158 so

282 2197 291 2211 ·
363 2205 365 2209 ¹
404 2181 549 2261 Factum,
570 2181 642 2242 dum
655 2188 748 2262 negat
760 2184 855 2262 haec,
876 2183 961 2243 videt
975 2184 1106 2242 beatum.

790 2316 883 2378 XXll.

404 2425 526 2485 Primos
539 2446 628 2506 passa
642 2432 728 2488 toros
743 2435 775 2488 et
791 2428 891 2490 adhuc
905 2427 1054 2511 placanda
1068 2430 1180 2490 marito

447 2509 604 2581 Merserat
619 2515 651 2570 in
666 2512 781 2571 nitidos
796 2533 830 2572 se
847 2515 1012 2592 Cleopatra
1024 2511 1127 2588 lacus,

404 2591 481 2651 Dum
496 2593 576 2671 fugit
594 2594 767 2675 ampleuusa
790 2596 846 2656 sed
860 2598 1000 2677 prodidit
1014 2596 1095 2657 undu
1108 2595 1276 2672 latentem,

444 2676 598 2756 Lucebat,
619 2680 693 2739 totis
708 2699 776 2739 cum
789 2688 952 2760 tegeretur
966 2684 1061 2760 aquis.

382 2760 538 2821 scandata
553 2763 597 2821 sic
611 2782 689 2842 puro
704 2772 905 2826 numerantur
918 2764 987 2826 lilia
1000 2768 1097 2844 vitro,

447 2844 498 2904 Sic
512 2847 659 2924 prohibet
672 2850 774 2908 tenuis
790 2868 911 2927 gemma
921 2848 1021 2910 latere
1036 2858 1138 2913 rosas?
1250 2904 1253 2909 .
1270 2864 1275 2873 '

402 2927 508 2988 lusilui
522 2948 702 3010 mersusque
718 2932 803 2992 vadis
817 2932 967 2995 luctantia
981 2935 1082 3014 carpsi

445 3014 551 3073 Basia:
572 3017 755 3100 perspicuae
769 3016 840 3098 plus
855 3020 995 3080 vetuistis
1010 3036 1115 3098 aquae.

786 3167 893 3231 nnnc.
958 3150 971 3161 “

402 3277 481 3336 Dum
495 3285 528 3338 tu
542 3277 630 3339 lenta
643 3281 734 3341 nimis
750 3281 866 3359 diuque
882 3283 1021 3359 quaem,

402 3362 477 3436 Quis
496 3364 612 3441 primus
628 3366 686 3423 tibi
702 3367 807 3442 quisve
823 3366 864 3423 sit
877 3362 1046 3441 secundus,

402 3444 527 3503 Graium
544 3448 648 3523 quisve
665 3449 850 3526 epigramma
865 3449 1062 3527 compararit:

399 3525 534 3596 Palmam
550 3529 771 3605 Callimachus,
796 3528 925 3608 Thalia,
947 3530 986 3590 de
1006 3549 1040 3590 se

379 3609 548 3671 oFaoundo
564 3611 651 3673 dedit
665 3616 732 3694 ipse
747 3614 906 3674 Brutiano.

380 3695 462 3771 ·Qui
475 3694 503 3754 si
517 3695 669 3778 Cecropio
684 3704 768 3759 satur
782 3696 893 3779 lepore
