3267 4409
464 512 473 521 .
515 448 1030 520 nn1anMMATONLm.x1v.
1226 452 1288 518 343

565 654 699 718 CCXIV.
722 653 820 716 Pueri
831 656 977 717 comoedi.

331 755 404 820 Non
418 755 480 814 erit
493 755 526 813 in
539 757 630 817 turba
645 756 805 835 quisquam
820 750 1039 834 Μισούμενος
1052 756 1129 818 ista:

375 837 440 898 Sed
453 840 571 920 poterit
588 840 685 916 quiris
701 856 770 898 esse
785 835 848 910 Δὶς
863 833 1042 912 ἐξαπατῶν.

635 952 754 1013 CCXV.
777 951 900 1013 lunula.

329 1049 389 1110 Dic
403 1048 479 1108 mihi
494 1044 697 1127 campliciter,'
717 1048 873 1108 comoedia
888 1054 921 1109 et
937 1048 1125 1110 citharoedis
1204 1022 1209 1031 ¹

372 1131 500 1211 Fibula,
523 1132 597 1212 quid
610 1133 772 1212 praestas?
800 1133 931 1210 „Curius
943 1139 978 1192 ut
992 1132 1148 1196 futuant.“

607 1244 740 1307 CCXVI.
763 1245 934 1325 Accipiter.

331 1343 455 1406 Praedo
471 1343 532 1403 fnit
544 1341 716 1420 volucrum,
736 1343 868 1403 famulus
883 1364 965 1404 nunc
980 1345 1121 1426 ancupIs:
1143 1343 1227 1405 idem

375 1429 499 1508 Decipit
513 1434 546 1488 et
560 1435 663 1507 captas
677 1447 739 1486 non
753 1428 813 1487 cibi
827 1436 945 1488 maeret
960 1447 1039 1491 aves.

590 1537 735 1601 CCXVII.
762 1534 953 1619 opsonator.'

328 1638 386 1699 DIc
404 1643 514 1716 quotus
530 1641 563 1696 et
577 1638 683 1714 quanti
698 1638 801 1717 cupias
816 1654 946 1714 cenare,
967 1655 1025 1697 nec
1039 1607 1133 1698 annul

370 1721 539 1782 Addideris
553 1722 695 1780 verbnm:
716 1738 792 1803 cena
804 1727 912 1800 parata
923 1721 981 1781 tibi
996 1727 1053 1782 est.

503 1832 664 1896 CCXVIII.
690 1832 814 1894 Calcmi
826 1834 1033 1913 aucupator-ii.

328 1932 398 1993 Non
412 1909 530 1991 tantum
546 1928 688 2009 calamIs,
710 1929 766 1990 aed
783 1936 875 1990 cantu
891 1929 1013 1990 fallitur
1027 1929 1108 2010 alea„

370 2012 491 2076 Callida
508 2014 580 2074 dum
594 2016 688 2074 tacita
705 2015 819 2073 crescit
832 2013 971 2073 harundo
987 2033 1086 2075 manu.

574 2125 707 2188 CCXIX.
733 2124 794 2185 Cor
807 2125 963 2186 bubulum.

326 2240 450 2319 Pauper
464 2237 634 2299 causidicus
651 2236 752 2297 nullos
761 2238 941 2313 referentia
954 2256 1092 2299 nummos

370 2323 513 2384 Carmina
527 2342 595 2406 cupa
612 2314 746 2400 stribas,
769 2322 875 2401 accipe
891 2341 961 2399 cor,
983 2321 1066 2401 quod
1079 2324 1184 2386 habes.
1276 2324 1279 2329 ’

600 2417 625 2446 ‘
638 2433 758 2494 CCXX.
783 2433 892 2496 Cocus.

325 2533 396 2594 Non
411 2533 484 2593 satis
500 2537 549 2592 est
564 2551 613 2591 ars
625 2528 691 2593 sola
706 2550 797 2591 coco:
821 2531 939 2592 servire
954 2530 1090 2612 palatum

368 2614 463 2677 Nolo:
485 2636 576 2676 cocus
591 2614 706 2675 domiui
722 2614 817 2675 debet
833 2616 949 2675 hahere
965 2615 1076 2694 gulam.

483 2722 616 2794 CCXXI.
640 2727 800 2791 Craticula
816 2751 886 2792 cum
902 2732 1043 2805 ceruina.

325 2829 406 2890 Rara
422 2829 480 2889 tibi
495 2849 586 2889 curva
601 2827 747 2888 craticula
760 2828 853 2889 sudet
869 2829 980 2905 ofella3
1006 2846 1009 2851 ·
1059 2840 1064 2849 '

368 2914 518 2994 Spumeus
533 2914 566 2972 in
579 2911 672 2990 longa
690 2910 818 2992 cuspide
832 2913 931 2974 fumet
945 2932 1029 2994 aper.

532 3023 677 3085 CCXXII.
699 3022 805 3083 Pictor
819 3024 999 3087 dulciariuc.

324 3119 418 3185 Mille
432 3123 491 3183 tibi
506 3122 613 3183 dulces
628 3140 756 3203 operum
770 3142 877 3182 manus
892 3124 951 3183 ista
964 3123 1077 3200 figuras

368 3209 516 3269 Exercet:
537 3209 610 3268 hnic
625 3207 678 3266 uui
691 3225 785 3287 parca
799 3204 921 3267 laborat
937 3209 1010 3287 apis.

599 3319 758 3381 ccxxln.
783 3319 931 3399 napata.

326 3416 468 3494 Surgitc:
488 3417 549 3476 iam
560 3416 667 3478 vendIt
680 3416 786 3497 pueris
800 3414 953 3476 iantacula
967 3417 1067 3497 pistor

369 3500 586 3582 Cristataeque
600 3507 710 3562 sonant
723 3499 860 3578 undique
875 3498 954 3562 lucis
968 3519 1048 3562 aves.
