3267 4409
1403 460 1655 510 sxrmA
1695 462 1763 509 v.
2480 450 2561 513 23

595 602 839 675 Ostrea,
889 601 1142 663 callebat
1182 603 1368 680 primo
1412 600 1780 677 deprendere
1824 617 2050 671 morsu:

592 686 670 747 Et
717 684 900 744 semel
946 687 1170 765 aspecti
1217 685 1350 745 litus
1396 682 1626 745 dicebat
1669 683 1875 747 echini.

596 771 893 847 Surgitur,
942 778 1002 828 et
1041 771 1218 830 misso
1260 784 1544 849 proceres
1585 770 1749 827 exire
1795 767 2062 828 iubentur

597 851 899 928 Consili0‚
948 870 1093 931 quos
1136 852 1418 913 Albanam
1462 852 1579 912 dux
1621 868 1862 929 magnus
1907 852 1963 912 in
2005 870 2199 915 arcem
2458 864 2560 921 145

594 937 879 997 Traxerat
924 938 1193 996 attonitos
1249 946 1306 997 et
1349 938 1625 997 festinare
1672 945 1935 1010 coactos,

593 1020 907 1098 Tamquam
955 1020 1026 1081 de
1071 1019 1289 1081 Chattis
1324 1020 1539 1098 aliquid
1581 1021 1881 1097 torvisque
1906 1019 2234 1095 Sycambris

592 1104 868 1165 Dicturus
919 1113 1203 1182 tamquam
1245 1113 1304 1163 et
1348 1104 1592 1164 diversis
1632 1103 1893 1182 partibus
1932 1103 2090 1165 orbis

593 1187 785 1247 Anxia
826 1189 1131 1266 praecipiti
1175 1189 1434 1248 venisset
1480 1186 1731 1267 epistola
1774 1188 1965 1266 pinna.

681 1270 874 1349 Atque
920 1273 1131 1331 utinam
1173 1271 1262 1332 his
1310 1272 1504 1351 potius
1549 1273 1717 1349 nugis
1763 1280 1881 1331 tota
1925 1271 2026 1332 illa
2071 1270 2327 1333 dedisset
2462 1284 2566 1338 150

594 1354 884 1434 Tempora
930 1356 1237 1432 saevitiae,
1284 1355 1471 1416 claras
1519 1354 1725 1435 quibus
1768 1354 2003 1415 abstulit
2049 1355 2179 1415 urbi

591 1438 977 1537 Illustresque
1020 1440 1234 1500 animas
1278 1441 1508 1518 impune
1553 1447 1612 1499 et
1652 1439 1881 1500 vindice
1926 1438 2118 1501 nullo!

593 1522 717 1583 Sed
761 1524 963 1602 periit,
1010 1532 1316 1622 postquam
1360 1522 1709 1587 cerdonibus
1758 1540 1895 1583 esse
1938 1522 2221 1584 timendus

594 1604 926 1686 Coeperat.
970 1606 1085 1667 hoc
1126 1607 1323 1669 nocuit
1366 1607 1686 1669 Lamiarum
1730 1608 1915 1671 caede
1960 1607 2227 1669 madenti.

1259 1960 1724 2026 SATIRA
1792 1961 1873 2025 V.

593 2058 671 2153 Si
717 2100 775 2151 te
818 2092 1102 2171 propositi
1146 2093 1395 2154 nondum
1437 2093 1617 2171 pudet
1661 2101 1834 2171 atque
1880 2091 2083 2152 eadem
2128 2097 2219 2150 est
2260 2107 2444 2166 mens,

591 2178 670 2240 Ut
712 2174 865 2235 bona
909 2193 1121 2235 summa
1166 2186 1337 2255 putes
1382 2176 1570 2237 aliena
1611 2177 1813 2237 vivere
1857 2175 2101 2253 quadra;

592 2263 657 2325 Si
703 2268 873 2339 potes
917 2259 1018 2320 illa
1063 2260 1216 2339 pati,
1263 2277 1412 2339 quae
1457 2278 1566 2320 nec
1609 2260 1942 2323 Sarmentus
1986 2259 2210 2337 iniquas

593 2342 866 2405 Caesaris
911 2343 982 2403 ad
1025 2361 1286 2421 mensas,
1333 2362 1445 2405 nec
1484 2342 1615 2404 vilis
1662 2342 1860 2405 Gabba
1905 2342 2164 2403 tulisset:

595 2427 870 2503 Quamvis
916 2428 1101 2487 iurato
1146 2436 1395 2489 metuam
1439 2427 1539 2488 tibi
1585 2428 1831 2489 credere
1874 2427 2029 2487 testi.
2320 2472 2327 2478 .
2528 2436 2562 2488 5

589 2512 815 2572 Ventre
859 2508 997 2573 nihil
1044 2512 1180 2571 novi
1224 2510 1535 2612 frugalius?
1585 2510 1703 2573 hoc
1747 2521 1937 2573 tamen
1980 2511 2167 2590 ipsum

591 2594 907 2657 Defecisse
949 2603 1118 2673 puta,
1167 2596 1322 2674 quod
1368 2597 1521 2657 inani
1564 2594 1779 2657 sufficit
1826 2595 1989 2657 alvo.

591 2678 767 2740 Nulla
807 2678 1046 2756 crepido
1091 2688 1298 2759 vacat,
1357 2698 1638 2760 nusquam
1680 2697 1830 2761 pons
1876 2688 1935 2739 et
1977 2679 2191 2756 tegetis
2240 2694 2375 2757 pars

592 2760 841 2824 Dimidia
885 2758 1161 2823 brevior?
1205 2765 1422 2825 tantine
1457 2764 1663 2825 iniuria
1706 2780 1953 2832 coenae,

597 2846 738 2907 Tam
780 2844 969 2906 ieiuna
1011 2845 1194 2906 fames
1243 2864 1418 2927 quum
1458 2848 1649 2927 possit
1688 2846 1990 2909 honestius
2038 2844 2163 2905 illic
2500 2853 2567 2907 10

593 2928 674 2991 Et
720 2938 972 2990 tremere
1020 2938 1080 2989 et
1119 2928 1330 2991 sordes
1375 2928 1546 2992 farris
1587 2931 1859 2992 mordere
1905 2925 2137 2989 canini?

680 3012 869 3073 Primo
915 3012 1032 3091 flge
1077 3010 1248 3091 loco,
1293 3012 1451 3093 quod
1491 3022 1552 3075 tu
1593 3011 1961 3076 discumbere
2001 3012 2213 3073 iussus-

593 3092 935 3173 Ποιοεᾱοιιι
973 3094 1218 3157 subdam
1257 3106 1522 3160 veterum
1567 3114 1662 3182 ca
1655 3098 1729 3159 is
1770 3096 2117 3171 officiorum*
2162 3168 2167 3169 ι
2439 3168 2442 3169 ι
2474 3168 2477 3169 ι

593 3168 893 3254 smnus
889 3250 950 3255 ,
1317 3168 1396 3190 '⁷³⁵'
1345 3169 1598 3318 ἔ
1893 3182 2014 3323 gut,
2033 3168 2254 3273 hauc
2222 3168 2330 3259 rex

567 3294 600 3327 μ
646 3267 649 3282 ⁹
1033 3269 1147 3340 ις-
1939 3249 2392 3377 3122oessss
2498 3274 2566 3326 15

2153 3413 2340 3448 n-

1855 3438 1873 3442 ’Δ
1915 3447 2146 3479 'wbss-
