3267 4409
451 422 455 427 ’
540 450 881 515 urionanunron
894 453 968 517 ala.
984 455 1020 516 n.
1254 454 1296 518 47

340 771 454 832 Mutua
468 771 579 846 viginti
593 773 740 860 sestertia
753 771 837 831 forte
852 773 1013 850 rogabam,

383 856 473 932 Quae
486 853 538 914 vel
552 853 755 934 donantinon
771 875 862 933 grave
877 875 984 915 munus
1000 863 1074 917 erat.

332 940 467 1019 ¹Quippe
481 940 649 1017 rogabatur
662 939 800 1019 felixque
814 946 963 1018 vetusque
978 939 1091 1000 sodalis

381 1024 527 1085 Eteuiua
541 1022 624 1083 laxas
639 1044 710 1084 arca
724 1022 862 1102 flagellat
877 1043 960 1104 opes.

322 1107 372 1169 51s
386 1108 466 1167 mihi
479 1108 594 1187 „Dives
610 1109 689 1184 eris,
712 1108 739 1167 si
754 1127 858 1167 causas
874 1107 997 1186 egeris“
1012 1108 1120 1186 inquit.

307 1247 309 1250 .
385 1191 479 1269 Quod
493 1196 569 1273 peto
584 1191 638 1270 da,
660 1192 733 1252 Gai:
752 1211 814 1252 non
829 1199 903 1272 peto
920 1189 1088 1252 consilium.

729 1339 837 1401 XXXI.

345 1421 446 1534 Saepe
468 1471 526 1532 ego
541 1425 738 1513 Chi-estinam
756 1453 845 1514 futui.
880 1453 941 1513 Det
956 1473 1044 1532 quarn
1059 1450 1138 1515 ben'e
1155 1423 1299 1535 quaeris?

386 1538 487 1617 Supra
502 1536 586 1616 quod
599 1537 670 1597 fieri
683 1536 746 1615 nil,
767 1538 926 1615 Marione,
947 1544 1060 1618 potent.

721 1698 843 1761 XXXII.

348 1811 398 1871 Lis
411 1812 487 1872 mibi
502 1832 571 1872 eum
584 1810 680 1872 Balbo
696 1818 761 1891 est,
776 1818 810 1872 tu
824 1809 951 1872 Balbum
968 1811 1128 1873 offendere
1144 1833 1206 1873 non
1220 1816 1275 1892 vis,

362 1932 370 1949 ,
387 1896 534 1956 Pontiae:
547 1915 614 1957 eum
624 1896 732 1956 Licino
742 1902 800 1974 est,
811 1898 864 1960 hie
876 1915 997 1976 quoque
1008 1899 1233 1975 magnushomo
1242 1906 1298 1959 est.

352 1978 447 2041 Vexat
460 1999 554 2060 saepe
568 1982 669 2039 merim
683 1981 835 2040 Patrobas
850 1982 977 2041 confinis
993 1980 1143 2060 agellum,

390 2063 505 2124 Contra
518 2058 666 2125 libertum
682 2065 824 2125 Caesaris
836 2065 884 2124 ire
899 2066 999 2126 times.

338 2146 490 2226 odbnegat
505 2154 539 2208 et
552 2149 669 2209 retinet
684 2155 823 2209 nostrum
837 2148 969 2208 Laronia
982 2166 1120 2227 servum,

391 2231 572 2312 Respondes
587 2233 694 2310 „Orba
709 2239 773 2312 est,
796 2233 897 2311 dives,
920 2253 1009 2311 anus,
1030 2231 1153 2294 uldua.“

356 2311 416 2375 Non
430 2318 528 2394 bene„
550 2315 644 2377 erede
658 2318 750 2395 mihi,
772 2336 861 2377 nervo
877 2318 1009 2377 servitur
1025 2318 1136 2377 amieo:
1205 2342 1208 2351 Δ

393 2399 438 2460 Sit
450 2400 550 2479 liber,
573 2399 713 2462 dominus
730 2402 781 2480 qui
795 2401 880 2462 volet
895 2420 964 2461 ease
979 2420 1074 2464 meus.
1164 2464 1168 2469 ,

711 2549 847 2612 XXXIII.
956 2604 960 2615 a

355 2661 413 2721 *Gur
426 2681 488 2721 non
501 2663 588 2722 basio
603 2670 652 2742 te,
667 2661 835 2723 Philaeni?
852 2662 935 2722 calva
949 2682 993 2725 es.

301 2788 309 2799 ,
361 2744 414 2804 Gur
427 2764 489 2804 nou
500 2746 587 2806 basio
602 2752 652 2826 te,
667 2745 834 2807 Philaenil
850 2747 919 2822 rufa
934 2764 977 2807 ea,

301 2864 303 2871 =
361 2827 414 2888 llur
426 2848 487 2888 non
500 2830 587 2889 basio
602 2835 652 2908 te,
667 2829 834 2890 Philaeni?
849 2828 934 2889 lusca
949 2849 991 2890 es.

301 2958 303 2965 .
361 2911 434 2974 Haec
447 2913 499 2992 qui
513 2913 626 2992 basiat,
650 2934 667 2974 o
682 2912 841 2992 Philaeni,
861 2911 959 2974 fellat.

301 3178 303 3187 ’
365 3186 429 3249 Gom
441 3188 565 3270 placeat
578 3189 722 3251 Phileros
736 3196 802 3251 tota
816 3190 874 3250 tibi
890 3188 963 3249 dote
978 3187 1174 3266 redemptus,

301 3270 303 3323 l
334 3272 336 3277 ’
397 3272 464 3335 Tris
477 3276 597 3356 pateris
610 3280 718 3353 natos,
738 3273 843 3351 Galla,
865 3273 971 3353 perire
985 3273 1075 3331 fame.

364 3353 526 3419 Praestatur
540 3377 617 3418 uano
631 3365 718 3421 tanta
731 3356 923 3436 indulgentia
939 3374 1055 3431 cunno,

396 3440 487 3516 Quem
500 3460 560 3502 nec
575 3447 661 3527 eastg
671 3446 776 3521 potant
789 3443 850 3501 iam
866 3439 1006 3499 decuisse
1021 3439 1135 3499 Venus.

351 3518 535 3604 il'erpetuam
551 3525 583 3585 di
597 3530 630 3585 te
640 3526 760 3586 'faciant
772 3523 940 3585 Philerotis
957 3523 1101 3600 amioum,

397 3607 546 3689 01nater‚
570 3629 629 3690 qua
642 3627 700 3670 neo
712 3606 824 3671 Pontia
839 3607 985 3669 deterior.
