3267 4409
325 459 389 526 260
650 459 694 523 M.
712 459 805 523 VAL.
823 456 1050 523 MARTIALIS

797 664 905 729 XVIII.

412 777 558 857 Donasti,
576 776 682 856 Lupe,
703 795 757 836 rus
772 777 828 836 sub
844 777 922 838 urbe
937 777 1046 854 nobis;

411 862 475 923 Sed
489 883 542 922 rus
556 869 604 922 est
618 862 693 921 mihi
707 862 803 921 mains
817 863 851 921 in
865 862 1014 926 fenestra.

411 948 475 1009 Rus
489 948 549 1007 hoc
565 947 690 1024 dicere,
708 967 761 1006 rus
775 953 866 1027 potes
881 948 1014 1008 vocare?

411 1032 446 1094 ln
463 1052 523 1112 quo
538 1039 607 1092 ruta
620 1032 696 1091 facit
709 1050 817 1091 nemus
832 1031 963 1110 Dianae,

390 1120 551 1196 5Argutae
569 1117 647 1194 tegit
662 1115 710 1175 ala
725 1114 807 1195 quod
823 1116 963 1196 cicadae,

412 1201 503 1280 Quod
516 1202 645 1262 formica
659 1200 710 1261 dle
726 1200 863 1261 comedit
876 1221 955 1280 uno,

415 1286 528 1348 Clusae
544 1287 593 1346 cui
606 1286 715 1346 folium
729 1304 820 1346 rosae
836 1306 950 1346 corona
965 1292 1029 1362 est;

412 1373 447 1433 ln
462 1391 524 1451 quo
536 1391 599 1431 nou
615 1372 710 1449 magis
724 1372 881 1431 invenitur
894 1372 1008 1449 herba,

413 1459 510 1533 Quam
524 1457 629 1517 Cosmi
642 1455 751 1516 folium
764 1459 895 1537 piperve
911 1455 1056 1533 crudnm;
1164 1496 1171 1503 -

371 1541 445 1605 loln
459 1560 519 1620 quo
534 1560 593 1601 ncc
608 1543 742 1619 cucumis
757 1543 862 1601 iacere
876 1547 996 1621 rectus,
1085 1612 1096 1622 N
1156 1540 1162 1547 ’

413 1627 479 1686 Nec
494 1644 625 1706 serpens
639 1626 780 1686 habitare
795 1631 860 1685 tota
875 1627 991 1706 possit,

413 1711 546 1771 Erucam
560 1710 640 1770 male
655 1712 755 1791 pascit
768 1711 878 1769 hortus
890 1725 998 1790 unam,

414 1796 603 1876 Consumpto
617 1797 748 1855 moritur
764 1794 855 1854 culex
869 1793 996 1875 salicto,

416 1881 458 1941 Et
471 1879 556 1961 talpa
570 1886 619 1941 est
632 1880 707 1939 mihi
721 1880 824 1940 fossor
839 1886 932 1958 atque
948 1886 1060 1943 arator.
1254 1924 1257 1931 .
1280 1931 1284 1936 .

373 1966 483 2028 15Non
496 1965 620 2026 boletus
635 1968 739 2044 hiare,
760 1984 823 2024 non
839 1966 987 2025 mariscae
1233 1966 1257 2019 „t
1280 2010 1282 2014 .

414 2051 531 2111 Ridere
546 2057 597 2111 aut
611 2050 709 2111 violae
724 2056 834 2132 patere
848 2056 987 2130 possunt.

414 2135 510 2199 Fines
525 2156 591 2197 mus
607 2135 773 2219 populatur
788 2142 822 2195 et
834 2135 944 2195 colono

416 2221 576 2300 Tanquam
590 2241 641 2282 sus
657 2219 845 2300 Calydonius
860 2218 1004 2300 timetur,
1164 2297 1168 2301 ·

414 2306 456 2365 Et
471 2305 591 2366 sublata
604 2306 735 2367 volantis
750 2323 851 2384 ungue
866 2306 1007 2384 Prognes
1110 2304 1113 2309 ’
1215 2316 1243 2343 ·“
1274 2320 1283 2335 ”

372 2391 448 2452 toln
462 2389 536 2450 nido
551 2409 641 2470 seges
656 2397 705 2450 eat
718 2389 937 2465 hirundinino;
1275 2418 1278 2425 ·

415 2475 457 2534 lot
473 2495 540 2534 cum
557 2482 620 2535 stet
635 2472 702 2535 sine
717 2473 799 2534 falce
813 2473 1031 2555 mentulaque,

414 2559 483 2620 Non
499 2565 549 2619 est
564 2559 691 2620 dimidio
704 2559 792 2619 locus
807 2559 931 2638 Priapo.

415 2644 476 2706 Vin
490 2643 602 2724 implet
616 2644 774 2705 cochleam
791 2650 919 2724 peracta
934 2645 1044 2705 messis
1094 2664 1098 2672 ·

414 2729 457 2789 Et
471 2737 603 2790 mustum
617 2749 696 2789 noce
712 2728 871 2789 condimus
887 2730 997 2808 picata.

373 2814 549 2892 25Errasti,
568 2815 673 2895 Lup'e,
693 2813 802 2874 littera
816 2813 873 2874 sed
888 2834 958 2878 una.

416 2899 491 2959 Nam
506 2920 566 2979 quo
580 2905 722 2982 tempore
736 2897 899 2980 praedium
913 2898 1046 2978 dedisti,

415 2982 546 3046 Mallem
559 2992 594 3046 tu
607 2986 683 3047 mihi
696 2983 860 3068 prandium
875 2984 1024 3046 dedisses.

813 3121 894 3185 XIX.

417 3236 565 3315 Quaeris,
587 3256 642 3297 cur
658 3234 755 3296 nolim
768 3241 801 3296 te
817 3234 950 3312 ducere,
972 3231 1083 3295 Galla?
1109 3234 1237 3299 Diserta
1250 3254 1292 3298 es.

462 3320 562 3402 Saepe
578 3321 794 3383 soloecismum
811 3319 949 3381 mentula
963 3325 1071 3380 nostra
1084 3318 1170 3383 facit.

822 3455 889 3517 XX.

418 3567 561 3630 Caesaris
577 3568 708 3646 Augusti
722 3565 869 3646 lascivos,
891 3567 1002 3646 livide,
1021 3585 1129 3628 versus

336 3690 338 3695 ·
461 3652 523 3712 Sex
535 3650 624 3730 lege,
645 3653 697 3729 qui
712 3653 812 3713 tristis
827 3655 922 3714 verbs
938 3652 1034 3713 latina
1046 3651 1141 3732 legis:

420 3737 513 3817 Quod
521 3737 622 3815 satuit
637 3735 822 3820 Glaphyran
840 3739 1016 3818 Antonius,
1032 3738 1114 3800 hano
1127 3738 1205 3801 midi
1213 3752 1320 3823 poam
