3267 4409
371 473 410 537 12
693 486 728 531 o.
751 482 823 532 mn.
845 481 1033 530 turcarum

369 627 416 687 Nil
437 627 488 686 tihi
510 644 542 685 se
564 624 675 685 debere
696 632 794 703 putat,
816 623 857 682 nil
880 623 1012 683 conferet
1029 639 1187 705 umquam,x

369 711 541 788 Participem
565 710 612 787 qui
631 717 661 767 te
683 709 791 768 secreti
811 708 882 767 fecit
904 707 1035 776 honesti;

370 792 462 854 Garus
482 795 536 853 erit
555 793 657 868 Verri,
679 793 727 870 qui
748 791 871 851 Verrem
893 800 1023 868 tempore
1047 806 1104 869 quo
1125 790 1189 852 vult

368 878 518 938 Accusare
538 886 644 954 potest
683 876 764 935 Tanti
781 876 832 934 tihi
852 892 910 935 non
930 875 966 935 sit
987 876 1073 954 opaci

370 961 467 1022 Omnis
488 978 576 1021 arena
599 961 670 1038 Tagi
689 960 824 1038 quodque
847 961 875 1019 in
892 977 970 1019 mare
988 959 1113 1019 volvitur
1135 976 1248 1036 aurum,
1326 974 1358 1025 ss

286 1114 295 1129 ,
367 1046 405 1107 Ut
426 1061 526 1105 somno
548 1062 651 1105 careas
673 1045 865 1123 ponendaque
887 1044 1014 1122 praemia
1036 1061 1132 1103 sumas

368 1128 470 1191 Tristis
492 1137 522 1188 et
542 1147 558 1188 a
576 1144 679 1205 magno
702 1146 820 1208 semper
840 1129 967 1188 timearis
988 1129 1091 1188 amico.

411 1214 493 1288 Quae
515 1231 590 1272 nunc
611 1212 744 1273 divitibus
766 1230 840 1289 gens
860 1213 1062 1290 acceptissima
1084 1212 1218 1289 nostris,-

368 1297 406 1360 Et
427 1314 501 1377 quos
522 1298 681 1375 praecipue
703 1296 827 1372 ingiam,
849 1295 1015 1375 properabo
1038 1292 1135 1370 fa‘teri,

368 1383 432 1443 Nec
454 1381 548 1460 pudor
571 1379 713 1441 obstabit,
750 1379 815 1440 Non
837 1394 954 1458 possum
975 1380 1074 1456 ferre,
1098 1379 1242 1455 Quirites,
1326 1390 1359 1445 oo

370 1465 510 1540 Graecam
530 1463 646 1539 urbem3
670 1466 798 1542 quamvis
823 1474 909 1543 quota
931 1465 1026 1542 portio
1048 1465 1142 1523 faecis
1164 1461 1306 1525 Achaei?

368 1549 428 1611 lam
449 1549 560 1627 pridem
582 1550 673 1623 Syrus
694 1551 722 1608 in
739 1548 866 1609 Tiberim
888 1549 1007 1609 dolluxit
1028 1547 1165 1625 Orontes,
1266 1594 1269 1599 .

368 1631 407 1694 Et
428 1633 553 1709 linguam
575 1640 604 1692 et
625 1649 723 1692 mores
746 1642 775 1693 et
797 1651 861 1693 cnm
882 1634 1000 1693 tibicine
1020 1631 1145 1693 chordas

370 1715 508 1795 Obliquas
527 1734 583 1775 nec
602 1734 659 1776 non
677 1715 798 1793 gentilia
818 1726 952 1795 tympana
974 1735 1073 1777 secum
1262 1766 1267 1775 .

368 1800 457 1875 Vertit
478 1800 563 1860 etad
586 1802 693 1859 circum
715 1801 808 1859 iussas
830 1810 963 1879 prostare
986 1799 1109 1879 puellas.
1327 1808 1358 1865 65

368 1883 428 1962 lte,
451 1884 554 1963 quihus
576 1893 659 1961 grata
682 1892 727 1945 est
748 1884 826 1962 picta
849 1885 916 1962 lupa
936 1883 1059 1945 barbara
1080 1882 1176 1945 mitra!

368 1967 505 2029 Rusticus
527 1967 664 2039 illetuus
687 1970 770 2028 sumit
791 1969 1000 2046 trechedipna,
1024 1966 1160 2045 Quirine,

285 2074 289 2082 ¹
368 2051 407 2114 Et
428 2054 604 2113 ceromatico
626 2053 684 2114 lert
705 2054 845 2113 niceteria
866 2052 962 2113 collo!

367 2135 422 2199 Hic
445 2136 502 2197 alta
521 2139 663 2213 Sicyone,
687 2147 732 2197 ast
749 2137 796 2196 hic
819 2137 971 2211 Amydone
993 2136 1108 2212 relicta,
1197 2172 1201 2178 -

368 2220 422 2281 Hic
444 2220 561 2296 Andro,
586 2221 635 2281 ille
658 2221 761 2297 Samo,
785 2221 832 2281 hic
856 2221 1000 2281 Trallibus
1022 2230 1069 2281 aut
1086 2220 1265 2301 Alabandis,
1328 2230 1357 2285 io

368 2304 516 2382 Esquilias
536 2305 699 2382 dictumque
722 2314 822 2382 petunt
840 2323 856 2365 a
877 2306 983 2365 vimine
1006 2304 1123 2381 collem,

368 2386 491 2448 Viscera
510 2406 676 2463 magnarum
699 2389 831 2448 domuum
853 2389 1019 2468 dominique
1040 2389 1137 2449 futuri.

369 2470 519 2547 Ingenium
540 2470 646 2545 velox,
669 2472 789 2532 audacia
811 2474 939 2550 perdita,
960 2490 1054 2533 sermo

370 2553 523 2629 Promptus
542 2561 571 2611 et
593 2552 677 2612 lsaeo
699 2557 865 2615 torrentior.
909 2556 990 2633 Ede,
1015 2555 1082 2636 quid
1102 2556 1185 2617 illum

370 2635 447 2696 Esse
468 2632 571 2713 putosl
594 2638 723 2714 quemvis
744 2637 888 2701 hominem
907 2660 1006 2702 secum
1028 2640 1121 2702 attulit
1142 2641 1180 2701 ad
1200 2658 1276 2705 uos:
1329 2650 1357 2707 tt

371 2718 594 2795 Grammaticus,
617 2721 731 2798 rhetor,
751 2734 938 2803 geometres,
961 2728 1074 2805 pictor,
1098 2724 1219 2804 aliptes,

370 2802 488 2880 Augur,
511 2803 741 2882 schoenobates,
765 2809 911 2885 medicus,
930 2828 1046 2888 magus:
1069 2810 1164 2870 omnia
1182 2813 1269 2873 novit
1317 2808 1321 2815 '

247 2964 250 2975 Ι
370 2885 530 2949 Graeculus
552 2891 684 2950 esuriens
692 2912 700 2962 ;
723 2892 751 2950 in
775 2893 907 2969 coelum,
927 2895 1064 2971 iusseris,
1085 2892 1148 2954 ibit.

367 2970 401 3032 ln
424 2989 547 3048 summa,
568 2990 625 3033 non
639 2974 755 3036 blaurus
776 2986 839 3037 erat
858 2996 956 3055 neque
978 2980 1108 3039 Sarmata
1127 2996 1187 3039 neo
1209 2978 1322 3061 Thrax,

278 3062 281 3067 '
369 3054 425 3130 Qui
443 3058 564 3134 sumpsit
585 3060 704 3136 pinnas,
726 3061 830 3120 mediis
848 3062 901 3121 sed
923 3072 1007 3122 natus
1027 3061 1161 3122 Athenis.
1327 3072 1358 3129 tto

367 3138 474 3199 Horum
496 3160 553 3218 ego
573 3160 629 3202 non
651 3144 758 3221 fugium
781 3143 955 3221 conchylia?
975 3165 1021 3206 me
1043 3147 1124 3225 prior
1144 3144 1198 3209 ille

369 3223 499 3300 Signabit
518 3226 753 3304 fultusque-toro
775 3229 898 3288 meliore
917 3230 1079 3307 recumbet,
1214 3266 1241 3291 0·
1396 3230 1399 3311 l

368 3305 518 3368 Advectus
540 3308 660 3370 Romam
683 3329 739 3388 quo
763 3330 853 3390 pruna
876 3321 905 3372 et
927 3322 1045 3374 cottona
1062 3313 1174 3377 vento?

369 3389 470 3468 Usque
491 3393 567 3453 adeo
590 3394 659 3455 nihil
683 3404 742 3471 est,
767 3397 845 3473 quod
867 3406 966 3457 nostra
988 3398 1105 3459 infantia
1125 3400 1246 3463 coelum

369 3473 470 3534 Hausit
491 3475 642 3554 Aventini,
666 3478 758 3540 bacca
775 3481 879 3541 nutrita
897 3479 1025 3545 Sabina?
1325 3492 1355 3549 bi

371 3555 445 3629 Quid
469 3560 546 3637 quod
564 3561 696 3621 adulandi
718 3582 791 3639 gens
814 3564 1036 3642 prudentissima
1058 3565 1159 3629 laudat

371 3640 541 3702 Sermonem
559 3644 682 3720 indocti,
702 3646 808 3707 faciem
829 3648 968 3707 deformis
991 3649 1087 3726 amici,

367 3719 407 3784 Et
426 3724 545 3805 longum
566 3728 684 3789 invalidi
704 3731 811 3791 collum
833 3731 998 3794 cervicibus
1019 3742 1128 3812 aequat
