3267 4409
324 451 382 517 ato
640 435 1033 516 mvanmaanmnis

825 655 861 718 Π.

400 771 563 831 Fastorum
578 770 700 848 genitor
714 788 889 849 parensque
906 769 994 829 Ianus

401 855 562 916 Victorem
575 852 665 913 modo
684 873 751 912 cum
766 852 889 912 videret
903 853 1020 932 Histri,

402 938 466 998 Tot
479 936 580 997 voltus
595 938 653 997 sibi
667 957 729 997 non
744 938 818 996 satis
834 939 951 1018 putavit

403 1023 590 1102 Optavitque
605 1020 710 1081 oculos
724 1022 841 1081 habere
857 1020 978 1101 plures:

379 1106 444 1168 5Et
457 1105 561 1184 lingua
573 1106 691 1186 pariter
705 1103 825 1165 locutus
840 1105 922 1164 omni

402 1190 572 1249 Terrarum
587 1188 710 1249 domino
726 1189 848 1267 deoque
864 1207 967 1249 rerum

400 1274 547 1334 Promisit
560 1271 680 1352 Pyliam
696 1280 804 1352 quater
821 1279 984 1334 senectam.

400 1357 521 1436 Addas,
542 1357 613 1418 lane
627 1364 734 1439 pater,
756 1365 839 1418 tuam
854 1377 1003 1437 rogamus.

811 1490 860 1551 lll.

400 1605 563 1682 „Quinque
579 1604 653 1664 satis
667 1604 807 1664 fuerant:
827 1623 897 1663 nam
912 1622 966 1663 sex
981 1608 1138 1683 septemve
1155 1601 1258 1665 libelli

440 1689 497 1747 Est
512 1689 651 1747 nimium:
674 1688 748 1766 quid
763 1687 862 1746 adhuc
876 1687 1003 1765 ludere,
1024 1687 1129 1765 Musa,
1151 1689 1257 1749 iuvat?

400 1772 448 1832 Sit
460 1771 561 1851 pudor
576 1778 608 1831 et
622 1772 708 1831 finis:
731 1774 790 1830 iam
805 1772 873 1850 plus
889 1770 967 1830 nihil
980 1770 1096 1830 addere
1115 1772 1206 1834 nobis

441 1856 535 1916 Fama
549 1861 669 1938 potest:
693 1857 812 1915 teritur
822 1863 929 1915 noster
943 1856 1057 1931 ubique
1072 1853 1173 1944 liber3

351 1941 440 2002 alit
456 1960 524 2000 cnm
538 1946 628 2020 rupta
642 1942 702 1999 situ
718 1934 872 2000 Messalae
890 1959 960 1999 saxa
975 1940 1119 1999 iacebunt

441 2023 575 2103 Altaque
590 2044 658 2085 cum
672 2024 771 2085 Licini
787 2043 939 2083 marmora
953 2022 1052 2102 pulvis
1067 2030 1175 2101 erunt,

376 2109 453 2170 Me
467 2118 568 2168 tamen
584 2129 638 2169 ora
651 2109 758 2187 legent
772 2117 805 2168 et
819 2127 921 2168 secum
939 2105 1090 2187 plurimus
1104 2108 1219 2191 hospes
1282 2108 1286 2115 ’

440 2192 488 2253 Ad
503 2195 617 2273 patrias
632 2193 723 2254 sedes
736 2194 870 2253 carmina
884 2199 990 2251 nostra
1004 2192 1119 2252 feret.“

397 2277 572 2355 Finieram,
593 2298 660 2338 cum
677 2279 721 2338 sic
735 2277 898 2357 respondit
912 2295 991 2335 nona
1005 2295 1162 2354 sororum,

357 2372 391 2424 10
439 2361 497 2422 cui
513 2381 598 2421 coma
613 2369 645 2421 et
659 2368 815 2440 unguento
832 2359 957 2420 sordida
970 2361 1065 2419 vestis
1080 2369 1164 2420 erat:

290 2486 295 2494 -
399 2445 513 2524 „Tune
525 2452 615 2524 potes
630 2444 754 2520 dulces,
776 2447 916 2523 ingrate,
936 2443 1116 2521 relinquere
1129 2445 1250 2526 nugas?

440 2530 497 2588 llic
513 2531 604 2607 mihi,
626 2529 700 2607 quid
713 2527 822 2588 melius
838 2528 1010 2588 desidiosus
1026 2529 1121 2607 ages?

399 2613 446 2673 An
458 2614 544 2672 iuvat
558 2612 596 2673 ad
611 2614 744 2691 tragicos
760 2633 882 2672 soccum
896 2612 1069 2672 transferre
1084 2614 1271 2694 cothurnos,

441 2698 560 2776 Aspera
571 2695 622 2756 vel
636 2699 761 2777 paribus
776 2696 859 2756 bella
873 2704 983 2756 tonare
999 2696 1115 2776 modis,

356 2779 528 2859 lol'raeleg
513 2788 561 2842 trat
578 2787 613 2841 ut
626 2780 760 2841 tumidus
775 2789 914 2841 rancato
929 2798 1004 2840 voce
1019 2783 1166 2860 magister

441 2866 552 2925 Oderit
567 2872 599 2925 et
614 2865 779 2943 grandis
752 2884 837 2943 vargo
852 2866 1011 2967 bonpsquc
1025 2866 1127 2944 pueri

353 2936 545 3010 Scribant
558 2951 617 3009 ista
630 2968 736 3028 graves
753 2950 876 3009 nimium
891 2950 1079 3027 nimiumque
1095 2951 1213 3029 severi,

440 3036 523 3110 Quos
538 3034 639 3094 media
654 3035 783 3093 miseros
798 3040 891 3094 nocte
905 3032 1034 3094 lucerna
1050 3033 1204 3097 videt.

347 3120 439 3179 At
455 3126 487 3178 tu
502 3105 654 3178 Romanos
670 3117 776 3199 lepido
793 3116 858 3178 sale
873 3120 957 3195 tinge
971 3115 1116 3178 libellos.
1210 3142 1215 3147 ·

354 3214 390 3266 20
439 3204 593 3288 Agnoscat
607 3221 710 3263 mores
723 3204 786 3262 vita
799 3201 944 3280 legatque
961 3220 1041 3263 suos.

397 3289 536 3364 Angusta
550 3295 675 3347 cantare
689 3287 766 3347 licet
779 3287 912 3346 videaris
927 3305 1036 3362 avena,

439 3372 518 3431 Dum
534 3378 585 3431 tua
600 3371 767 3431 multorum
781 3371 883 3430 vincat
897 3388 992 3429 avena
1006 3370 1103 3430 tubas.
1107 3362 1127 3406 “

805 3504 857 3567 lV.

400 3616 553 3695 Quantus,
574 3617 624 3694 io,
644 3616 748 3677 Latias
762 3615 867 3676 mnndi
884 3622 1051 3676 conventus
1066 3615 1105 3678 ad
1118 3637 1186 3679 aras

439 3699 575 3781 Suscipit
590 3707 622 3762 et
637 3700 728 3760 solvit
742 3699 894 3784 produce
909 3709 978 3762 vota
992 3699 1062 3761 suo!
