3267 4409
566 447 907 511 mnonnmmnoon
922 451 995 516 ιιι.
1016 454 1050 514 ιι.
1089 542 1098 554 ,
1284 449 1343 514 ιι

788 652 827 712 X.

365 764 460 824 Basia
477 761 607 822 dimidio
627 760 710 840 quod
726 762 779 822 das
797 764 888 841 mihi,
909 732 1071 842 Postume,
1091 765 1199 848 labro,

408 845 634 907 Loudozlioet
654 846 757 906 demas
774 848 847 906 hino
866 866 987 926 quoque
1006 847 1172 912 dimidium.

366 932 425 995 Vis
444 930 521 991 dare
537 931 635 990 maius
653 929 752 990 adhue
770 936 803 990 et
821 929 1029 991 inenarrabile
1048 952 1173 1011 munus,

408 1016 481 1075 IIoo
497 1015 557 1075 tibi
574 1013 654 1074 habe
671 1020 786 1092 totum,
807 1015 969 1093 Postume,
993 1015 1159 1078 dimidium.

777 1148 830 1210 XI.

365 1258 460 1335 Quod
475 1259 582 1318 fronte
599 1257 715 1318 Selium
730 1258 836 1318 nubila
853 1259 956 1337 vides,
979 1260 1076 1341 Rufe,

367 1342 461 1418 Quod
477 1340 649 1402 ambulator
666 1343 820 1422 porticum
840 1345 915 1402 terii
933 1363 1050 1421 serum,

364 1426 514 1505 Lugubre
527 1425 679 1505 'quiddam
698 1425 782 1505 quod
797 1433 882 1486 tacet
896 1428 986 1506 piger
1002 1428 1123 1509 vultus,

365 1509 459 1586 Quod
475 1528 575 1590 paene
592 1516 708 1569 terram
725 1529 815 1569 nasus
832 1509 980 1571 indecens
998 1516 1114 1592 tangit,

340 1593 457 1670 5Qnod
475 1593 584 1653 dextra
598 1599 708 1673 peetus
724 1592 826 1672 pulsat
843 1600 876 1652 et
894 1614 1009 1655 comam
1026 1597 1130 1659 vellitr

364 1679 438 1739 Non
450 1676 505 1737 ille
525 1679 614 1736 amici
629 1679 693 1736 fata
708 1676 797 1755 luget
813 1684 866 1736 eut
882 1678 1004 1758 fratris,

365 1763 509 1842 Uterque
524 1769 614 1821 natus
632 1762 708 1821 uiuit
723 1769 756 1820 et
773 1778 886 1840 precor
905 1763 1000 1841 olvat,

368 1845 460 1905 Salvo
471 1840 530 1905 'ert
548 1851 581 1904 et
598 1864 675 1905 uxor
693 1847 893 1923 sarcinaeque
912 1850 1072 1926 servique,

365 1928 454 1990 Nihil
472 1928 599 1989 eolouus
619 1927 789 2008 vilicusque
808 1927 938 1989 decoxit.

325 2014 521 2076 10Maeroris
538 2013 633 2092 Igitur
650 2032 739 2072 eausa
758 2013 860 2092 quae?
896 2012 983 2072 Domi
1000 2020 1099 2072 cenat.

771 2161 835 2221 XII.

365 2275 444 2335 Esse
460 2251 609 2353 quidhoc
627 2273 742 2352 dicum,
764 2272 846 2353 quod
861 2272 947 2334 olent
962 2278 1015 2333 tua
1027 2271 1111 2332 basia
1122 2272 1276 2350 myrrham

409 2359 561 2437 Quodque
571 2360 630 2418 tibi
642 2365 690 2418 est
701 2378 854 2438 nunquam
867 2379 928 2418 non
941 2356 1059 2416 alienus
1073 2354 1173 2415 odor?
1195 2398 1202 2405 -

365 2444 435 2504 Hoc
458 2443 534 2503 mihi
556 2449 731 2522 suspectum
755 2450 819 2520 est,
845 2441 928 2522 quod
952 2442 1017 2502 oles
1042 2443 1141 2517 bene,
1164 2439 1319 2517 Postume,

407 2610 571 2689 Postume,
592 2629 656 2669 non
675 2545 840 2671 bselldpdlet
860 2611 912 2690 qui
931 2611 1011 2670 bene
1030 2625 1153 2689 semper
1170 2605 1244 2671 olet.

761 2743 839 2804 XIII.

283 2831 286 2835 ι
365 2855 408 2915 nt
421 2853 515 2915 iudex
530 2855 610 2933 petit
628 2860 661 2914 et
676 2855 758 2934 petit
774 2861 931 2935 patronus.

366 2936 474 2999 Solvas
493 2957 621 3027 comeo,
643 2940 754 3015 Sexte,
776 2938 934 3000 creditori.

760 3072 840 3133 XIV.

365 3182 420 3244 Nil
435 3184 651 3262 intemptatum
668 3183 785 3262 Selius,
805 3185 851 3244 nil
868 3185 981 3265 linquit
996 3187 1151 3261 inausum,

409 3267 587 3328 Cenandum
606 3269 747 3346 quotiens
764 3271 824 3328 iam
840 3270 925 3328 videt
942 3288 1011 3335 esse
1032 3268 1122 3329 domi.

366 3350 474 3412 Currit
489 3350 528 3410 ad
544 3352 691 3430 Europen
710 3358 743 3412 et
760 3359 807 3430 te,
829 3353 973 3431 Pauline,
995 3358 1126 3431 tuosque

315 3430 320 3439 ’
407 3434 526 3495 Laudat
542 3433 719 3512 Achilleos,
742 3436 798 3495 sed
816 3438 882 3496 sine
901 3438 978 3514 fine,
1000 3433 1107 3515 pedes.

346 3517 402 3579 osi
417 3517 497 3578 nihil
513 3521 637 3597 Europe
655 3520 746 3597 fecit,
767 3527 832 3580 tum
850 3521 944 3600 Septa
962 3526 1124 3600 petuntur,

408 3601 441 3662 Si
454 3601 729 3682 quid'Philyrides
746 3610 885 3684 praestet
901 3610 933 3663 et
950 3603 1132 3664 Aesonides.

366 3685 446 3748 Hinc
465 3705 587 3775 quoque
606 3685 754 3769 deceptus
772 3689 974 3770 Memphitica
990 3686 1107 3768 templo
1124 3688 1315 3766 frequentat,
