3267 4409
326 537 389 603 256
651 540 694 600 M.
711 538 803 601 VAL.
819 536 1044 637 MARTIALIS
1131 600 1133 607 ,

784 704 802 719 ”
822 740 870 800 ru.

408 855 478 915 Non
493 855 608 913 urbana
622 871 690 912 mea
704 859 822 912 tantum
838 851 1012 932 Pimpleide
1028 850 1161 931 gaudent

453 939 541 1016 Otia,
563 957 621 996 nec
637 938 738 996 vacuis
754 938 877 996 auribus
892 940 952 996 ista
967 937 1089 1014 damus,

414 1022 478 1083 Sed
494 1042 578 1081 meus
594 1024 625 1080 in
642 1022 761 1088 Geticis
776 1020 814 1080 ad
829 1022 944 1080 Martia
958 1024 1044 1098 signa
1062 1021 1182 1100 pruinis

454 1109 481 1166 A
495 1106 594 1185 rigido
613 1106 726 1164 teritur
740 1105 922 1165 centurione
937 1103 1036 1183 liber,

391 1191 534 1254 5Dicitur
551 1197 583 1251 et
597 1197 720 1248 nostros
738 1195 862 1248 cantare
876 1190 1035 1249 Britannia
1050 1207 1166 1248 versus.

338 1276 352 1287 “
456 1274 536 1352 Quid
551 1273 702 1355 prodest?
730 1272 838 1332 Nescit
852 1272 989 1333 sacculus
1004 1275 1063 1334 istu
1078 1291 1173 1335 meus.

410 1361 453 1419 At
469 1379 557 1438 quam
572 1359 706 1417 victuras
720 1365 896 1436 poteramus
912 1376 1047 1436 pangere
1063 1358 1184 1417 chartas

456 1445 635 1521 Quantaque
651 1443 753 1501 Pieria
767 1441 886 1521 praelia
899 1444 975 1501 flare
992 1442 1082 1517 tuba,
1141 1472 1148 1481 ·
1170 1504 1176 1513 ,

412 1528 489 1587 Cum
505 1530 555 1607 pia
569 1525 766 1586 reddiderint
778 1527 947 1604 Augustum
961 1527 1083 1586 numina
1096 1524 1208 1601 terriS,

370 1622 404 1675 10
451 1613 492 1673 Et
506 1612 723 1672 Maecenatem
734 1611 761 1670 si
776 1611 851 1689 tibi,
870 1612 983 1688 Roma,
1006 1609 1131 1670 darent!

825 1744 877 1810 lV.

328 1880 332 1889 ·
416 1859 510 1918 Sacra
524 1856 670 1934 laresque
683 1855 854 1933 Phrygum,
877 1874 952 1934 quos
969 1855 1084 1917 Troiae
1099 1854 1208 1917 maluit
1220 1855 1309 1916 heres

454 1943 549 2018 Quom
563 1959 675 2019 rapere
690 1960 810 1999 arsuras
827 1937 1045 1999 Laomedontis
1060 1959 1154 2020 opes,

412 2027 552 2106 Scriptus
568 2031 600 2084 ct
614 2030 741 2083 aeterno
756 2043 838 2083 nunc
851 2025 982 2104 primum
997 2023 1136 2104 Iuppiter
1154 2044 1227 2084 auro

453 2113 495 2172 Et
510 2130 598 2170 soror
613 2114 645 2168 et
658 2111 765 2168 summi
780 2107 843 2168 filia
857 2115 922 2168 tota
935 2110 1049 2187 patris,

391 2196 457 2258 alit
471 2196 522 2275 qui
535 2194 700 2274 purpureis
714 2195 771 2252 iam
786 2195 880 2252 tertia
893 2194 1015 2251 nomino
1033 2193 1137 2270 fastis,

455 2280 544 2355 lane,
565 2279 667 2338 refers
681 2278 817 2352 Nervae;
839 2297 891 2337 vos
906 2296 1019 2357 precor
1033 2296 1088 2337 ore
1102 2279 1171 2357 pio:

412 2364 502 2424 llunc
518 2381 623 2422 omncs
638 2370 759 2422 servate
775 2362 899 2439 ducem,
920 2366 1040 2421 servate
1057 2369 1211 2437 senatum3

455 2448 597 2509 Moribus
612 2448 663 2505 hic
678 2448 758 2506 vivat
772 2447 938 2528 principis,
960 2443 1016 2505 ille
1031 2447 1103 2510 sois.

827 2579 866 2641 V.

412 2694 511 2755 Tanta
527 2694 585 2752 tibi
602 2698 650 2752 est
664 2693 743 2752 recti
758 2694 951 2770 reuerentia,
966 2696 1102 2772 Caesar,
1125 2701 1157 2754 et
1173 2696 1282 2775 aequi,

454 2778 573 2854 Quanta
588 2778 703 2836 Numae
719 2778 837 2837 suerat:
859 2776 915 2836 sed
928 2778 1025 2838 Numa
1038 2798 1156 2861 pauper
1171 2787 1247 2843 erat.

411 2861 515 2922 Ardua
531 2880 582 2920 res
596 2863 673 2920 haec
687 2868 752 2939 est,
774 2863 883 2942 opibus
897 2881 958 2921 uon
974 2863 1099 2924 tradere
1113 2882 1215 2925 morea
1290 2930 1295 2935 ,

453 2948 494 3006 Et
508 2966 576 3005 eum
590 2952 638 3005 tot
653 2947 786 3006 Croesos
800 2947 928 3025 viceris,
951 2966 1020 3007 esse
1034 2948 1169 3010 Numam.

392 3031 448 3095 5Si
462 3031 593 3090 redeant
606 3036 746 3107 veteres,
766 3032 904 3109 ingentia
918 3032 1057 3112 nomina,
1078 3039 1203 3115 patrea,

454 3115 593 3194 Elysium
609 3113 704 3174 liceat
719 3117 745 3176 si
758 3135 888 3176 vacuare
902 3135 1024 3176 nemusr

413 3191 461 3260 Te
477 3199 560 3260 colet
574 3201 703 3260 invictus
717 3219 775 3280 pro
791 3199 937 3260 libertate
950 3191 1117 3278 Camillus,

455 3287 572 3344 Aurum
586 3284 765 3362 Fabricius,
786 3291 820 3344 te
836 3286 1011 3361 tribuente,
1032 3284 1131 3359 volet;

414 3370 462 3429 Tc
480 3368 557 3428 duce
573 3368 717 3447 gaudebit
731 3371 861 3448 BrutuS,
879 3370 936 3430 tibi
952 3368 1036 3429 Sulla
1051 3376 1197 3430 cruentus
1273 3418 1277 3423 .

371 3465 404 3516 10
453 3455 615 3535 imperium
631 3452 751 3530 tradet,
774 3455 1013 3532 compositurus
1030 3455 1106 3529 crit;

411 3539 452 3598 Et
466 3545 498 3597 te
512 3539 630 3617 privato
646 3558 714 3597 eum
729 3538 861 3597 Caesare
878 3539 1007 3616 Magnus
1023 3540 1150 3617 amabit,

453 3622 587 3680 Donabit
601 3627 681 3681 totas
696 3628 729 3680 et
743 3623 799 3681 tibi
815 3623 943 3682 Crassus
961 3642 1044 3703 opes.

412 3707 483 3786 lpse
502 3723 623 3784 quoquc
640 3707 771 3789 infernis
787 3713 947 3767 revocatus
962 3707 1043 3767 Ditis
1058 3709 1095 3768 ab
1113 3708 1229 3770 umbris

454 3791 487 3849 Si
502 3790 578 3850 Cato
594 3788 759 3870 reddatur,
781 3790 982 3851 Caesarianus
998 3793 1068 3852 erit.
