3267 4409
648 466 693 528 M.
709 463 801 528 VAL.
817 460 1042 524 MARTIALIS

823 664 872 727 III.

412 778 517 838 Omnis
531 779 564 837 in
580 778 640 838 hoc
655 777 761 857 gracili
774 779 945 839 quioouu
961 780 1050 838 turba
1063 774 1172 839 libello

454 862 616 922 Constabit
630 863 759 921 nummis
775 870 920 942 quattuor
935 868 1038 942 empta
1050 862 1118 924 tibi.

412 947 564 1023 Quattuor
581 950 629 1005 est
643 947 791 1004 nimium?
812 948 930 1024 poterit
947 952 1089 1005 constare
1104 944 1238 1024 duobus,

452 1031 494 1089 Et
507 1030 601 1088 faciet
615 1027 735 1088 lucrum
749 1030 916 1109 bibliopola
930 1030 1090 1109 Tryphon.

390 1114 499 1174 §Haec
512 1112 588 1173 licet
603 1113 775 1191 hospitibus
789 1133 846 1192 pro
862 1132 989 1172 munere
1008 1112 1139 1172 disticha
1153 1114 1270 1190 mittas,

455 1197 489 1255 Si
504 1198 562 1256 tibi
577 1204 640 1256 tam
655 1216 757 1274 rarus,
784 1216 873 1275 quam
888 1198 980 1272 mihi,
1002 1216 1140 1255 nummus
1156 1197 1226 1257 erit.

412 1279 529 1340 Addita
542 1300 600 1360 per
614 1278 723 1340 tltulos'
742 1300 797 1340 sua
810 1281 933 1339 nomina
947 1282 1040 1340 rebus
1054 1281 1200 1340 habebis:

452 1365 652 1443 Praetereas‚
675 1366 702 1424 si
716 1364 790 1445 quid
804 1384 866 1424 uon
880 1364 955 1424 facit
970 1363 1009 1423 ad
1023 1365 1219 1425 stomachum.

772 1512 821 1573 IV.
852 1509 924 1571 lhos.

413 1623 507 1683 Serus
521 1629 556 1683 ut
569 1623 726 1683 aetheriae
742 1623 944 1684 Germanicus
959 1624 1092 1701 imperet
1107 1619 1194 1684 aulae

453 1708 557 1786 thue
572 1706 625 1766 diu
638 1708 749 1785 terris,
773 1706 811 1767 da
826 1709 878 1788 pia
892 1714 960 1766 tura
976 1706 1046 1766 Iovi.

764 1856 803 1921 V·
823 1857 925 1937 Piper.
1020 1898 1023 1903 .

413 1968 513 2029 Cerea
527 1987 603 2045 quae
620 1966 725 2047 patulo
738 1965 825 2027 lucet
838 1964 971 2026 ficedula
986 1963 1108 2043 lumbo,

454 2052 532 2112 Cum
545 2053 603 2111 tibi
616 2058 701 2112 rorte
718 2051 825 2129 datur,
847 2052 874 2110 si
888 2052 986 2132 sapis,
1010 2049 1089 2110 adde
1103 2051 1203 2132 piper.

750 2185 801 2247 VI.
824 2164 969 2246 Hebros

411 2298 473 2357 Nos
487 2296 632 2373 habeam,
652 2297 770 2376 poterit
784 2294 915 2356 mulsum
929 2297 987 2356 tibi
1001 2297 1126 2357 mittere
1142 2296 1236 2360 dives.

452 2381 485 2440 Si
501 2381 559 2440 tibi
572 2381 710 2441 noluerit
724 2382 849 2441 mittere
865 2380 967 2459 diues,
987 2398 1081 2443 emes.

755 2514 820 2577 VII.
844 2514 942 2575 Faba

411 2625 444 2684 Si
459 2632 580 2704 spumet
595 2629 688 2687 rubra
702 2627 828 2687 conchis
844 2627 904 2686 tibi
917 2623 1033 2704 pallida
1046 2631 1145 2705 testa,

450 2710 617 2772 Lautorum
630 2711 715 2771 cenis
730 2729 823 2790 saepe
837 2727 951 2787 negare
966 2714 1065 2790 potes.

758 2845 835 2906 VIII.
858 2843 933 2907 Far.

367 2920 371 2926 ·
408 2959 512 3018 Imbue
526 2955 664 3037 plebeias
680 2952 815 3016 Clusinis
832 2955 969 3035 pultibus
983 2951 1080 3031 ollas,

450 3043 494 3102 Ut
511 3047 594 3102 satur
606 3041 641 3100 in
655 3040 757 3100 vacuis
774 3037 876 3100 dulcia
888 3039 1097 3101 mustabibas.

761 3173 812 3259 IX.
833 3171 926 3233 Lens.

408 3289 525 3368 Accipe
539 3286 704 3366 Niliacam,
725 3286 851 3348 Pelusia
865 3306 1009 3364 munera,
1030 3284 1166 3348 lentemt

452 3372 553 3434 Vilior
568 3379 617 3433 est
633 3370 751 3450 halica,
773 3373 875 3432 carior
889 3371 942 3431 illa
959 3372 1039 3435 faba.

756 3506 794 3566 X.
817 3504 936 3566 Simila.

408 3618 472 3679 Nec
487 3618 576 3680 dotes
592 3620 710 3682 similae
732 3622 833 3701 possIs
849 3637 1012 3679 numerare
1026 3636 1086 3679 uec
1101 3637 1189 3696 usus,

449 3703 564 3764 Pistori
580 3707 696 3766 totiens
710 3725 777 3765 cum
793 3707 833 3764 ait
850 3711 882 3764 et
897 3710 967 3784 apta
982 3722 1064 3763 coco.
