3267 4409
355 471 375 530 4
666 481 716 532 o.
732 481 804 529 run.
821 478 1008 528 ruvurmms

356 620 441 698 lpsos
464 618 643 696 Troiugenas
667 619 746 696 (nam
768 626 875 677 vexant
896 617 982 677 limen
1005 624 1035 675 et
1055 616 1112 694 ipsi
1297 594 1350 682 lot)

265 700 268 713 '
356 703 546 782 Nob'iscum):
561 702 615 762 ·Da
638 703 782 779 praetori,
806 702 842 761 da
865 701 971 761 deinde
990 698 1120 760 tribuno!

356 786 415 848 Sed
438 787 588 846 libertinus
610 787 690 864 prior
713 795 772 845 est:
795 785 896 860 Prior,
918 786 1027 862 inquit,
1050 801 1108 860 ego
1129 785 1248 855 adsum;

357 870 416 931 Gur
437 873 551 931 timeam
573 870 737 930 dubitemve
760 870 856 929 locum
875 868 1051 944 defendere,
1072 870 1201 945 quamris

356 955 445 1015 Natus
467 955 502 1014 ad
524 954 712 1032 Euphraten,
734 953 840 1012 molles
864 953 941 1031 quod
963 954 991 1012 in
1013 970 1083 1011 aure
1102 952 1254 1013 fenestrae

356 1040 530 1116 Arguerint,
555 1040 624 1098 licet
643 1039 708 1116 ipse
731 1034 857 1114 negem?
878 1037 931 1096 sed
954 1038 1079 1114 quinque
1101 1036 1245 1097 tabernae
1298 1050 1347 1103 lon

357 1122 572 1199 Quadringenta
594 1131 710 1200 parant;
733 1121 801 1200 quid
823 1121 937 1180 confert
959 1137 1086 1199 purpura
1108 1122 1201 1181 maior

357 1206 536 1285 Optandum,
561 1209 585 1266 si
604 1205 739 1265 Laurenti
760 1205 885 1265 custodit
906 1206 935 1264 in
959 1220 1031 1280 agro
1063 1257 1065 1261 ,

357 1288 522 1351 Conductas
545 1288 687 1350 Corvinus
711 1307 799 1365 oves,
823 1306 880 1365 ego
903 1288 1042 1366 possideo
1063 1286 1128 1365 plus

356 1373 488 1435 Pallante
510 1384 538 1434 et
559 1370 737 1434 Licinisi—
756 1373 939 1453 Exspectant
962 1387 1034 1448 ergo
1055 1370 1176 1450 tribuni,

356 1458 479 1519 Vincant
500 1458 635 1535 divitiae,
657 1474 742 1518 sacro
764 1475 801 1517 ne
826 1457 911 1517 cedat
933 1457 1054 1530 honori,
1190 1530 1193 1535 ι
1297 1472 1349 1527 110

356 1541 457 1620 Nuper
478 1543 506 1601 in
526 1541 599 1602 hanc
620 1541 720 1602 urbem
742 1541 864 1620 pedibus
888 1542 936 1619 qui
955 1548 1076 1601 venerat
1099 1539 1188 1602 albis:

358 1625 596 1704 Quandoquidem
615 1628 689 1686 inter
710 1643 763 1685 nos
786 1627 968 1685 sanctissima
989 1625 1149 1685 divitiarum

357 1707 509 1779 Maiestam
534 1711 589 1769 etsi
609 1710 722 1769 funesta
748 1711 871 1788 pecunia
893 1709 1004 1788 templo

356 1792 489 1858 Nondum
510 1793 638 1870 habitas,
662 1794 755 1853 nullas
776 1802 954 1853 nummorum
976 1793 1122 1853 ereximus
1144 1810 1229 1873 aras,

356 1877 394 1937 Ut
417 1879 521 1938 colitur
543 1879 603 1938 Pax
625 1886 711 1957 atque
734 1876 838 1953 Fides,
861 1877 1008 1953 Victoria,
1031 1877 1147 1955 Virtus,
1297 1892 1347 1946 115

357 1960 498 2042 Quaeque
520 1962 644 2023 salutato
668 1964 792 2041 crepitat
815 1960 981 2022 Concordia
1002 1961 1079 2021 nido.

419 2047 478 2107 Sed
500 2066 586 2125 quum
607 2065 731 2107 summus
754 2047 849 2107 honor
870 2047 950 2106 finito
974 2055 1122 2125 computet
1141 2064 1236 2126 anno,

357 2131 493 2208 Sportula
515 2131 583 2211 quid
603 2126 729 2208 referat,
751 2140 885 2210 quantum
906 2129 1066 2190 rationibus
1089 2130 1190 2191 addat:

357 2215 431 2289 Quid
449 2215 556 2274 facient
574 2219 711 2291 comites,
731 2216 835 2293 quibus
852 2216 918 2275 hinc
934 2225 1020 2292 toga,
1037 2213 1243 2293 calceusbinc
1260 2230 1309 2280 est

356 2298 394 2359 Et
415 2301 497 2378 panis
520 2300 672 2376 fumusque
695 2298 792 2360 domii
814 2300 995 2359 Densissima
1016 2308 1130 2359 centum
1298 2314 1347 2369 ιω

357 2382 540 2456 Quadrantes
563 2383 671 2443 lectica
693 2386 780 2461 petit,
803 2386 993 2462 sequiturque
1015 2385 1146 2444 maritum

356 2464 502 2541 Languida
523 2465 572 2525 vel
595 2483 738 2543 praegnas
762 2476 791 2526 et
814 2467 1035 2528 circumducitur
1055 2484 1139 2527 uxor.

357 2548 411 2607 llic
432 2550 503 2624 petit
525 2548 653 2623 absenti,
678 2558 747 2609 nota
768 2553 824 2609 iam
845 2552 967 2611 callidus
989 2560 1069 2628 arte,

358 2628 522 2689 Ostendens
543 2649 663 2690 vacuam
685 2641 714 2692 et
736 2633 864 2694 clausam
885 2653 938 2713 pro
964 2637 1088 2713 coniuge
1110 2636 1227 2699 sellam.

359 2712 441 2773 Galla
463 2732 526 2773 mea
549 2723 611 2790 est,
633 2717 738 2794 inquit,
761 2718 845 2778 citius
867 2720 990 2789 dimitte;
1012 2718 1156 2781 moraris?
1298 2734 1347 2791 125

358 2796 461 2857 Profer
484 2796 565 2858 Galla
588 2801 688 2879 caput!
712 2802 771 2861 noli
789 2821 918 2879 vexare,
942 2805 1083 2881 quiescet.
1099 2840 1142 2855 -

357 2879 425 2959 lpse
448 2880 510 2940 dies
532 2883 655 2961 pulchro
676 2886 857 2964 distinguitur
877 2889 979 2948 ordine
1000 2906 1112 2948 rerum:

357 2965 511 3042 Sportula,
536 2968 640 3027 deinde
662 2969 755 3030 iorum
776 2973 905 3051 iurisque
925 2972 1037 3050 peritus
1058 2970 1169 3050 Apollo

356 3049 454 3127 Atque
478 3051 681 3134 triumphales,
705 3056 778 3114 inter
799 3074 871 3134 quas
893 3074 980 3116 ausus
1003 3055 1129 3117 habere·

354 3130 465 3191 Nescio
488 3136 551 3212 quis
574 3137 673 3197 titulos
695 3137 860 3217 Aegyptius
881 3149 967 3218 atque
990 3138 1196 3217 Arabarches,
1296 3154 1348 3211 130

357 3213 444 3275 Cuius
466 3218 502 3278 ad
523 3218 651 3296 effigiem
672 3240 729 3282 non
751 3232 856 3283 tantum
876 3226 986 3284 meiere
1010 3225 1055 3285 fas
1076 3232 1132 3285 est.

354 3299 520 3360 Vestibulis·
536 3302 643 3364 abeunt
663 3316 781 3366 veteres
800 3307 928 3386 lassique
953 3309 1075 3369 clientes

354 3383 488 3462 Votaque
511 3386 675 3465 deponunt,
698 3410 867 3470 quamquam
890 3393 1059 3471 longissima
1080 3410 1197 3456 coenae

355 3467 432 3544 Spes
453 3468 573 3540 homini;
597 3473 688 3532 caulis
711 3476 825 3535 miseris
847 3486 932 3556 atque
955 3479 1029 3555 ignis
1051 3478 1203 3541 emendus.

357 3547 468 3626 Optima
492 3553 626 3615 silvarum
647 3555 758 3619 interea
778 3560 935 3639 pelagique
957 3561 1071 3622 vorabit
1296 3568 1345 3633 185

356 3631 421 3691 Rex
442 3633 559 3712 horum,
583 3643 741 3720 vacuisque
764 3645 835 3703 toris
854 3654 963 3705 tantum
984 3647 1050 3725 ipse
1073 3646 1194 3709 iacebit.

355 3715 427 3777 Nam
450 3718 485 3777 de
507 3728 552 3781 tot
569 3723 698 3801 pulchris
720 3736 750 3786 et
770 3727 835 3787 latis
853 3728 974 3789 orbibus
995 3740 1025 3792 et
1047 3740 1104 3791 tam
