3267 4409
326 469 387 534 228
645 465 689 526 M
705 463 797 528 VAL.
807 462 1038 525 mbu'l'mms

398 618 554 685 Delasset
566 636 671 678 omnes
685 615 803 678 fabulas
816 623 993 697 poetaruma

408 707 451 766 Et
466 725 534 764 cum
547 703 641 763 fateri
653 703 747 762 Furia
764 702 892 762 iusserit
904 719 1028 778 verum,

410 788 568 850 Prodente
584 787 694 848 clamet
708 787 896 846 conscientia
910 783 1085 879 „§cripai.“

822 921 873 983 Vl.

410 1019 549 1097 Felices,
572 1021 680 1098 quibus
696 1039 772 1079 urna
787 1017 875 1080 dedit
890 1021 1032 1099 spectare
1046 1036 1208 1092 coruscum

359 1120 363 1127 “
453 1102 577 1164 Solibus
592 1105 715 1163 Arctois
732 1103 947 1181 sideribusque
963 1100 1081 1162 ducem.

411 1187 539 1267 Quando
558 1189 620 1248 erit
636 1186 691 1247 ille
708 1187 792 1266 dies,
815 1206 875 1267 quo
892 1204 1014 1265 campus
1028 1192 1061 1245 et
1076 1187 1169 1248 arbor
1184 1194 1218 1250 et
1234 1192 1330 1253 omub

452 1273 584 1332 Lucebit
596 1272 684 1331 Latia
699 1271 781 1332 culta
793 1272 934 1332 fenestra
951 1270 1053 1329 nuru?

386 1356 537 1433 bQuando
552 1374 656 1416 morae
671 1355 778 1417 dulces
791 1354 964 1434 longusque
979 1374 996 1412 a
1011 1355 1146 1415 Caesare
1161 1352 1262 1436 pulvis

454 1440 595 1519 Totaque
613 1438 765 1500 Flaminia
779 1442 875 1500 Romd
888 1437 1021 1499 videnda
1032 1437 1104 1509 via‘l

412 1524 539 1600 Quando
555 1543 651 1603 eques
668 1531 701 1584 et
721 1527 798 1605 picti
811 1526 916 1584 tunica
929 1519 1069 1583 Nilotide
1083 1522 1190 1584 Mauri

451 1608 553 1688 ibitis,
574 1614 608 1668 et
620 1606 728 1689 populi
741 1629 799 1670 vox
815 1610 878 1669 erit
891 1627 951 1668 una
963 1607 1082 1687 „Venit
1088 1607 1127 1666 ‘3⁴‘

807 1742 873 1806 VII.

410 1837 617 1920 Nympharum
633 1846 724 1920 pater
738 1841 947 1920 amniumque,
968 1839 1097 1918 Rhene,

411 1925 591 2004 Quicunque
607 1926 753 2004 Odrysias
768 1927 877 1985 bibunt
891 1926 1034 2006 pruinas,

411 2009 463 2069 Sic
477 2027 600 2090 semper
614 2008 740 2090 liquidis
754 2010 867 2070 fruaris
883 2009 989 2088 undis,

409 2092 476 2153 Nec
489 2100 522 2154 te
536 2096 666 2155 barbara
681 2094 898 2155 contumeliosi

390 2178 572 2239 scalcatum
586 2187 655 2239 rota
670 2186 811 2239 conterat
825 2177 967 2253 bubulci3

410 2263 462 2322 Sic
480 2269 512 2321 et
526 2265 670 2323 cornibus
687 2264 788 2323 aureis
802 2264 939 2343 receptis

412 2347 455 2406 Et
466 2347 619 2406 Romanus
636 2366 687 2406 eas
703 2354 834 2426 utraque
848 2350 931 2427 ripa:

411 2430 577 2490 'l'raianum
590 2427 713 2510 populis
728 2433 790 2491 suis
806 2437 839 2491 et
855 2432 941 2506 urbi,

412 2513 517 2574 Tibris
532 2521 564 2573 te
580 2513 720 2575 dominus
734 2515 840 2594 ro'gat,
860 2516 1011 2575 remittas.

802 2649 880 2712 Vlll.

408 2745 533 2807 Nubere
547 2743 642 2806 Paula
657 2746 743 2826 cupit
756 2746 862 2824 nobis,
885 2763 943 2824 ego
960 2742 1074 2806 ducere
1088 2746 1216 2810 Paulam

452 2829 546 2891 Nolo:
562 2850 636 2890 anus
650 2836 714 2906 eat3
734 2827 865 2910 vellem,
887 2831 914 2890 si
928 2832 1023 2910 magis
1039 2839 1124 2892 esset
1139 2852 1225 2898 anus.

825 2964 875 3027 lX.

410 3066 550 3128 Undenis
565 3066 758 3148 pedibusque
772 3064 961 3146 syllabisque

409 3152 451 3212 Et
464 3150 559 3212 multo
575 3151 656 3228 sale,
678 3169 736 3211 nee
750 3157 854 3228 tamen
868 3156 1034 3229 protervo,

409 3235 507 3297 Notus
521 3238 663 3316 gentibus
677 3235 734 3296 ille
748 3233 904 3296 Martialis

408 3321 451 3380 Et
465 3329 555 3381 notus
571 3319 694 3401 populis
708 3353 751 3362 —
766 3319 840 3398 quid
854 3316 1021 3378 invidetis?
1033 3352 1076 3362 —-

389 3403 480 3464 bNon
496 3425 562 3465 sum
577 3405 793 3465 Andraemone
807 3403 911 3465 notior
928 3399 1055 3462 caballo.

823 3536 861 3599 x.

411 3651 486 3712 (lum
500 3659 550 3731 tu,
569 3651 732 3730 laurigeris
748 3672 857 3712 annum
874 3651 925 3731 qui
938 3650 1072 3711 fascibus
1086 3651 1201 3729 intras,

450 3737 545 3799 Mane
560 3735 708 3797 salutator
722 3734 830 3797 limina
846 3735 932 3796 mille
948 3741 1047 3813 teras,

1009 4066 1112 4090 Α.
