3267 4409
526 463 867 525 EPIGRAMMATON
882 465 955 528 LlB.
972 467 1007 529 Il.
1248 471 1288 534 53

340 619 428 696 Quem
443 637 508 677 nun
522 616 658 677 lacernis
672 616 800 677 Publius
816 637 902 678 mens
917 621 1031 698 vincit,

337 704 396 764 Non
410 706 479 784 ipse
496 701 619 762 Gordus
634 700 724 782 alpha
738 702 989 782 paenulatorum,

323 788 426 865 siluam
443 798 521 866 grex
536 791 658 863 togatus
674 789 814 864 seqnitur
829 793 862 847 et
877 786 1038 867 capillatus

338 873 514 951 Recensque
533 865 610 931 sella
623 869 791 946 linteisque
805 869 961 950 iurisque:

339 957 554 1039 Oppigneravit
568 953 658 1014 modo
675 954 764 1014 modo
781 954 819 1014 ad
835 955 922 1015 Cladi
938 975 1073 1016 mensam
1151 966 1154 971 '

338 1041 388 1103 vn
402 1047 473 1102 cetu
489 1040 621 1101 nummis
639 1039 777 1117 anulum,
797 1039 879 1099 unde
895 1047 1030 1103 cenaret.

713 1150 818 1236 uvm.

340 1288 461 1351 Pexatus
476 1286 609 1369 pulchre
623 1285 708 1346 rides
722 1306 806 1366 mea,
829 1267 937 1366 Zoile,
960 1290 1043 1349 trita.

373 1373 448 1433 Sunt
461 1375 541 1440 haec
557 1373 633 1432 trita
648 1369 788 1450 quidem,
810 1370 917 1450 Zoile,
939 1373 995 1433 sed
1010 1393 1077 1445 mea
1092 1380 1171 1435 sunt.

726 1507 804 1569 LIX.

343 1620 414 1680 Mica
426 1620 544 1681 vocure
562 1616 636 1694 quid
650 1618 707 1677 sim
722 1620 840 1692 cernis
863 1621 984 1680 cenatio
999 1640 1108 1700 parva:

315 1714 317 1718 ’
376 1705 419 1764 lix
431 1722 480 1764 me
497 1703 682 1764 Caesareum
696 1704 849 1784 prospicis
864 1722 937 1763 ecce
952 1704 1082 1765 tholum.
1148 1699 1150 1708 ’

345 1787 452 1868 Frange
467 1794 572 1864 toros,
592 1793 666 1866 pete
681 1788 767 1865 vina,
786 1807 873 1847 rosas
890 1807 981 1868 cape,
1002 1792 1125 1868 tingere
1141 1788 1253 1850 nardo:

321 1872 326 1881 ‘
378 1873 442 1953 lpse
456 1873 545 1932 iubet
560 1872 668 1931 mortis
683 1877 714 1930 te
730 1873 906 1932 meminisse
922 1872 1007 1934 deus.

738 2006 802 2069 LX.

301 2166 304 2181 .
346 2120 464 2180 Uxorem
479 2120 588 2180 armati
602 2118 714 2196 futuis,
733 2138 811 2198 puer
826 2117 939 2199 llyllc,
961 2120 1086 2181 tribuni.

379 2204 563 2286 Supplicium
577 2208 695 2262 tantum
710 2222 782 2262 num
797 2203 917 2283 puerile
933 2204 1045 2263 times?

347 2287 400 2350 Vae
411 2291 483 2366 tibi,
506 2287 578 2347 dum
591 2286 691 2365 ludis,
714 2290 900 2349 castrabere.
931 2289 992 2348 lam
1006 2288 1081 2348 mihi
1097 2287 1182 2357 dices

378 2373 461 2451 ,3Non
471 2372 548 2434 licet
559 2371 652 2433 hoc.“
673 2371 776 2449 Quid?
790 2377 826 2433 tn
839 2371 920 2452 quud
931 2373 1023 2451 facis,
1040 2371 1151 2453 Hylle,
1165 2370 1265 2432 licet?

666 2586 677 2595 .
726 2522 803 2583 LXI,

348 2633 409 2693 (ium
422 2635 479 2696 tibi
493 2639 662 2693 vernarent
676 2630 768 2694 dubia
781 2633 927 2712 lanugine
942 2632 1056 2713 malac,

378 2717 542 2779 Lambebat
560 2717 678 2779 medios
691 2720 832 2799 improba
846 2717 951 2798 lingua
964 2721 1058 2783 virus.
1138 2778 1141 2783 .

345 2801 497 2883 Postquam
511 2803 604 2872 triste
619 2811 709 2883 caput
722 2803 847 2863 fastidia
860 2802 1058 2882 vispillonum

378 2887 416 2948 Et
429 2887 537 2947 miseri
552 2889 665 2947 meruit
678 2887 782 2948 taedia
796 2889 964 2967 carnificis,

332 2966 512 3032 bUteris‘ore
529 2969 622 3031 aliter
636 2973 791 3051 nimiaque
809 2974 956 3050 aerugine
972 2978 1079 3051 captus

377 3055 509 3117 Allatras
524 3073 637 3114 nomen
652 3055 735 3135 quod
750 3058 807 3117 tibi
823 3075 942 3134 cunque
959 3054 1058 3117 datur.

344 3139 468 3201 Haereat
480 3140 657 3218 inguinibus
670 3143 773 3221 potins
789 3148 851 3200 tam
865 3142 955 3200 noxia
966 3140 1086 3218 lingua:

376 3224 449 3285 Nam
464 3243 534 3285 cum
547 3223 692 3310 sellaret,
711 3227 819 3306 purior
833 3225 888 3285 illa
901 3225 970 3286 fuit.

590 3335 596 3356 '
717 3360 817 3421 niun

344 3471 425 3549 Quod
435 3479 561 3554 pectus,
583 3471 664 3552 quod
681 3493 771 3532 crura
784 3473 859 3550 tibi,
882 3469 964 3550 quod
978 3469 1103 3529 brachia
1117 3467 1221 3549 vellis,

378 3557 467 3634 Quod
481 3560 582 3618 cincta
596 3564 645 3618 est
659 3558 804 3619 brevibus
821 3556 956 3617 mentula
970 3561 1059 3614 tonsa
1073 3553 1163 3635 pilis:

340 3637 403 3703 Huc
413 3647 568 3722 praestas,
581 3643 736 3719 Labiene,
750 3641 948 3719 tuae—quis
959 3640 1082 3699 nescit?
1092 3674 1127 3683 —
1138 3639 1260 3699 amicae.

379 3725 436 3785 cui
449 3733 587 3806 praestas
601 3724 704 3786 culum
720 3724 820 3805 quud,
841 3725 995 3805 Labiene,
1017 3722 1119 3806 pilas?
