3267 4409
526 410 870 522 nrromnrnron
883 460 959 526 na.
974 460 1013 525 x.
1227 462 1290 542 aar

334 614 421 678 Voce
436 619 471 674 ut
483 610 629 692 loquatur
642 614 792 693 psittacus
807 613 975 672 coturnicis
1104 672 1109 685 ,

332 700 376 761 Et
391 699 588 777 concupiscat
603 716 672 757 esse
688 698 790 758 Canus
805 696 963 756 ascaoles‘l
1029 744 1032 749 .

333 781 449 843 Procul
463 802 481 841 a
493 779 610 842 libellis
623 783 712 860 nigra
726 782 767 842 sit
779 783 857 841 meis
871 782 967 859 lama,

292 868 418 943 loQoos
432 885 537 926 rumor
552 864 621 925 alba
635 884 789 944 gemmeas
803 866 890 925 vehit
902 867 1004 944 pinna.

335 953 399 1011 Gur
413 969 470 1031 ego
487 949 624 1010 laborem
639 957 729 1009 notos
743 968 812 1010 esse
828 957 888 1008 tam
904 967 1013 1029 prave,
1081 978 1083 987 ·

335 1037 487 1097 Constare
502 1035 597 1114 gratis
612 1053 680 1093 curn
694 1033 851 1093 silentium
864 1033 987 1114 possiti

741 1167 793 1234 1v.

334 1282 394 1359 Qui
408 1278 488 1359 legis
503 1277 685 1360 Oedipoden
703 1277 949 1359 caligantemque
964 1279 1142 1360 Thyesten,

376 1363 541 1425 Colchidas
557 1372 590 1424 et
604 1363 739 1443 Scyllas,
762 1362 836 1442 quid
851 1366 911 1424 nisi
927 1372 1064 1426 monstra
1076 1365 1178 1445 legis?

333 1448 415 1528 Quid
431 1450 487 1508 tibi
502 1455 607 1528 raptus
623 1449 735 1527 Hylas,
755 1447 830 1526 quid
844 1449 1097 1530 Parthenopaeus
1111 1457 1144 1511 et
1160 1451 1260 1529 Attis,

375 1532 458 1610 Quid
472 1532 530 1613 tibi
548 1531 698 1592 dormitor
713 1531 856 1611 proderit
868 1532 1066 1613 Endymion?

311 1620 488 1682 5Exutusve
503 1636 582 1696 pucr
596 1618 698 1697 pinnis
712 1615 913 1677 labentibus?
934 1625 986 1679 aut
1001 1620 1054 1697 qui

376 1701 452 1762 Odit
467 1703 628 1760 amatrices
642 1699 921 1781 Hermaphroditus
935 1703 1051 1781 aquas?

333 1785 416 1864 Quid
431 1793 462 1845 te
477 1805 552 1844 vana
567 1786 670 1845 iuvant
682 1787 813 1845 miserae
829 1785 962 1859 ludibria
976 1786 1124 1846 chartae?

376 1871 445 1930 Hoc
463 1868 552 1947 lege,
575 1867 658 1948 quod
671 1872 769 1949 possit
784 1868 891 1929 dicere
905 1870 967 1929 vita
980 1871 1107 1948 „Meum
1125 1870 1206 1933 est.“

318 1954 401 2018 ,Non
416 1955 468 2013 hic
483 1955 673 2030 Centauros,
694 1973 756 2012 non
772 1953 933 2032 Gorgonas
947 1955 1161 2034 Harpyiasque

292 2051 326 2102 lo
375 2039 531 2098 Invenies:
552 2039 706 2097 hominem
720 2039 830 2117 pagina
844 2043 950 2095 nostra
966 2038 1053 2116 sapit.

334 2122 399 2184 Sed
413 2141 474 2181 non
488 2123 550 2198 vis,
571 2122 745 2197 Mamurra,
766 2126 836 2179 tuos
851 2138 1039 2198 cognoscere
1052 2138 1155 2181 mores

374 2207 486 2268 Necte
501 2207 597 2266 scire:
618 2204 704 2284 legas
718 2205 808 2263 Aetia
823 2202 1027 2302 Callimachio

752 2338 790 2400 V.

334 2454 481 2532 Quisquis
499 2452 634 2512 stolaeve
647 2470 840 2532 purpuraeve
855 2456 1051 2535 contemptor

335 2539 419 2614 Quos
435 2536 539 2597 colere
557 2535 667 2613 debet,
688 2516 781 2597 laesit
793 2536 888 2616 impio
901 2555 1008 2618 versu,

333 2623 430 2684 Erret
445 2640 502 2701 per
516 2622 624 2680 urbem
640 2621 742 2699 pontis
757 2619 827 2680 exul
842 2626 875 2680 et
889 2618 975 2700 clivi,

333 2708 481 2786 Interque
495 2724 604 2765 raucos
619 2702 742 2764 ultimus
756 2711 917 2783 rogatores

313 2792 417 2855 50ret
432 2791 554 2850 caninas
569 2789 656 2868 panis
672 2789 805 2868 improbi
819 2790 938 2848 buccasss

333 2874 385 2958 lili
400 2875 571 2936 December
583 2871 693 2950 longus
708 2879 741 2932 et
755 2870 882 2931 madens
896 2872 1003 2932 bruma
1066 2912 1069 2917 -

334 2957 624 3037 Clususqne'foruix
641 2959 731 3016 triste
745 2956 843 3033 frigus
859 2954 1013 3018 extendat.

333 3044 437 3106 Vocet
452 3045 559 3103 beatos
573 3041 771 3118 clamitetque
783 3038 912 3116 felices,

335 3128 502 3187 Orciniana
517 3126 569 3205 qui
582 3125 726 3185 teruntur
739 3126 773 3183 in
791 3120 919 3202 sponda.

293 3214 376 3275 lodt
390 3232 458 3272 cum
473 3227 634 3291 supremae
647 3209 700 3268 fila
713 3202 966 3268 venerinthorae

334 3297 471 3375 Diesque
487 3290 609 3371 tardus,
630 3294 745 3353 sentiat
758 3310 866 3352 canum
878 3285 969 3350 litem

333 3380 508 3459 Abigatque
525 3383 608 3437 moto
626 3378 730 3436 noxias
746 3394 949 3456 aves-panum

332 3463 398 3524 Nec
412 3465 558 3522 liniantur
573 3467 673 3521 morte
689 3460 836 3541 supplicis
850 3476 985 3539 poenae,

333 3547 397 3606 Sed
412 3546 502 3606 modo
518 3546 618 3605 severi
634 3552 736 3605 sectus
750 3545 844 3605 Aeaci
860 3543 952 3620 loris,

294 3631 420 3694 15Nunc
434 3631 567 3709 inquieti
580 3637 684 3690 monte
699 3629 824 3710 Sisyphi
838 3645 982 3708 pressus,-

333 3715 421 3776 Nune
435 3716 519 3776 inter
533 3713 630 3775 undas
646 3713 764 3794 garruli
777 3713 860 3775 senis
875 3712 974 3774 siccus

1000 3776 1090 3897 xlbi
