3267 4409
687 425 894 475 ammaum.
1218 428 1284 477 xln

303 580 455 647 29—502
471 574 557 632 deinde
572 573 627 645 quia
639 572 810 628 Graeculorum
821 572 969 644 aborumque
982 569 1138 629 harbamrum
1153 574 1205 631 sola
1221 576 1284 646 apud

303 669 416 734 potentes
427 668 498 732 atque
508 660 635 730 opulentos
647 658 757 712 homines
771 657 900 711 auotoritas
909 663 995 728 regnet
1006 658 1040 724 (u.
1054 662 1220 730 58—125);
1231 669 1285 716 tum

304 748 362 818 quia
372 747 409 800 vol
420 748 481 799 inter
492 746 558 799 cives
567 743 646 798 omnia
657 743 791 797 diuitiarum
802 747 827 795 et
836 742 1078 810 pecumaemensma
1088 750 1229 799 censeantur
1239 760 1285 799 nec

303 831 404 901 pauperi
420 844 521 899 usquam
536 834 577 883 aut
598 828 667 882 locus
685 832 726 880 aut
742 825 801 880 fides
819 831 913 879 constet
930 824 967 890 (v.
980 829 1077 883 126-
1087 829 1165 895 189);
1182 827 1284 899 deniquo

303 916 360 986 quia
373 929 404 968 ne
415 915 463 969 uita
474 913 568 982 quidem
581 918 622 966 ant
631 911 741 965 ualetudo
752 910 882 964 innumeris
890 909 1002 978 periculis
1012 916 1087 974 vacet,
1097 925 1199 981 quorum
1209 927 1284 982 quum

302 999 416 1069 princeps
428 999 451 1051 in
463 997 538 1050 ruinis
549 1002 620 1066 atque
637 995 752 1049 incendiis
762 993 924 1048 aedificiorum
935 1000 1046 1049 cernatur
1056 993 1092 1060 (v.
1104 998 1155 1051 190
1163 1021 1197 1033 -
1208 1000 1282 1064 202),

302 1090 377 1152 poeta
388 1080 436 1135 hoc
446 1094 546 1151 quoquc
563 1081 587 1135 in
604 1094 694 1151 genere
704 1078 847 1132 deteriorem
863 1092 994 1148 pauperum
1008 1078 1219 1145 conditionem..(r.
1231 1083 1284 1138 203

302 1168 414 1232 422)
426 1164 623 1235 municipalisque
634 1163 779 1234 smgalitatis
788 1163 957 1232 praestantiam
967 1162 1039 1217 iactat
1051 1161 1087 1228 (v.
1103 1166 1154 1219 223
1163 1190 1199 1201 —
1207 1165 1281 1231 231),

302 1250 363 1304 hinc
376 1264 433 1303 uero
445 1249 474 1303 ad
485 1248 570 1302 urbem
591 1263 701 1302 reversus
717 1248 809 1301 riarum
826 1247 954 1315 strepitum
968 1247 1138 1317 angustiasque
1154 1247 1284 1303 laborantis

303 1333 390 1388 turbae
402 1332 439 1399 (a.
449 1335 500 1389 232
510 1359 546 1371 -
554 1333 628 1399 253),
640 1332 714 1386 immo
725 1339 751 1385 et
760 1331 863 1385 restium
873 1335 899 1384 et
908 1329 1072 1385 membromm
1079 1330 1216 1387 discrimina
1227 1347 1283 1387 cum

301 1417 430 1472 homiuum
448 1431 476 1471 ac
486 1417 647 1486 plaustrorum
662 1431 779 1470 concursu
790 1415 919 1470 coniuncta
934 1414 1049 1486 graphice
1059 1414 1173 1470 describit
1183 1416 1219 1485 (u.
1230 1419 1283 1472 254

302 1531 345 1542 -
353 1501 417 1567 267)
435 1515 481 1554 nec
490 1500 583 1555 minora
593 1500 671 1554 noctis
681 1499 786 1569 pericula
798 1499 837 1553 uel
848 1514 861 1553 3
871 1514 983 1553 uasorum
993 1514 1050 1553 casu
1061 1500 1096 1567 (v.
1108 1502 1281 1569 aee—alt)

301 1584 340 1639 vel
353 1584 511 1639 abebriomm
522 1584 651 1653 petulantia
660 1583 905 1650 (r.are-301)vel
917 1598 930 1636 a
940 1588 1103 1654 grassatorum
1113 1583 1204 1653 impetu
1214 1578 1283 1654 iope·

301 1670 333 1724 tit
345 1669 385 1736 (u
394 1670 553 1736 eoa-314)
563 1687 570 1730 ;
582 1683 665 1722 omues
677 1675 757 1722 autem
771 1673 851 1737 partes
860 1672 898 1721 tot
908 1667 1057 1739 singularum
1067 1666 1202 1738 imaginum
1211 1668 1282 1745 lumi·

301 1752 375 1807 nibus
385 1752 571 1823 facetiarumque
588 1753 676 1806 aculeis
687 1751 807 1815 distinxit.
821 1758 848 1806 ut
862 1752 923 1806 baec
932 1752 1003 1806 satira
1020 1752 1090 1806 iacile
1107 1752 1211 1821 palmam
1220 1753 1283 1807 inter

302 1836 407 1906 rebquas
419 1836 519 1891 unierat.
548 1835 651 1902 nunnae
662 1836 833 1900 oeconomiam
847 1849 907 1907 quae
920 1836 998 1906 primo
1009 1842 1107 1905 aspectu
1117 1836 1282 1891 inconcinnior

300 1919 377 1975 videri
393 1920 483 1990 possit,
499 1920 560 1974 scite
570 1921 676 1975 defendit
687 1920 875 1992 ngelsbachius
885 1921 908 1975 iu
919 1919 1005 1975 Philol.
1018 1920 1045 1975 T.
1056 1919 1102 1984 111.
1114 1933 1140 1989 p.
1151 1923 1203 1977 469
1213 1936 1280 1991 sqq:

301 2004 372 2059 cuius
383 2019 457 2074 quum
467 2005 532 2073 prior
542 2020 597 2074 pars
609 2006 643 2072 (u.
655 2006 761 2072 1—33)
773 2005 797 2058 iu
804 2004 907 2074 Crispini
918 2004 965 2057 iam
975 2001 1025 2059 Sat.
1037 2002 1054 2058 1.
1067 2004 1101 2060 at
1110 2004 1195 2070 notati,
1208 2005 1280 2059 altera

300 2089 327 2143 iu
338 2088 414 2157 ipsius
424 2087 554 2142 Domitiani
565 2088 749 2157 reprehensione
758 2094 878 2155 versetur,
894 2088 959 2143 illam
977 2087 1104 2142 commode
1120 2103 1176 2142 cum
1186 2089 1255 2158 prael
1267 2116 1279 2128 ·

300 2172 410 2227 tionibus
428 2172 479 2226 sire
498 2175 658 2240 upotutrutr
680 2173 868 2242 comparaveris,
894 2171 981 2243 quibus
1002 2172 1131 2226 recitantes
1146 2171 1184 2226 rel
1202 2171 1281 2228 decla

300 2262 395 2310 mantes
406 2256 541 2311 auditorum
551 2258 643 2311 animos
658 2257 687 2312 ad
698 2257 804 2326 ipsorum
815 2262 955 2326 poematum
964 2256 1129 2311 orationumue
1138 2263 1281 2327 argumenta

299 2354 444 2411 praeparare
454 2340 578 2403 solebant;
601 2341 646 2396 nisi
658 2341 722 2413 quod
738 2355 802 2395 nunc
813 2346 885 2411 poeta
895 2339 988 2395 Musam
1000 2346 1056 2410 post
1068 2340 1239 2410 praelationem
1250 2339 1280 2396 ad

299 2424 430 2479 dicendum
442 2431 607 2495 assurgentem
619 2425 743 2480 considere
757 2424 831 2489 iubet,
846 2424 958 2495 quianon
969 2424 1048 2480 l'abula
1058 2424 1101 2479 sed
1111 2439 1150 2479 res
1159 2439 1215 2479 uera
1225 2439 1280 2479 uar-

298 2514 368 2564 retur
380 2506 415 2573 (v.
428 2509 463 2563 34
470 2535 506 2547 -
516 2513 573 2576 36).
599 2509 663 2564 llaec
673 2516 754 2565 autem
764 2510 789 2564 in
798 2510 889 2565 Albana
899 2509 1029 2565 Domitiani
1041 2523 1096 2564 arce
1110 2510 1197 2581 agitm
1210 2510 1280 2564 cuius

297 2606 378 2661 nuper
387 2589 498 2663 reliquias
508 2592 609 2647 feliciter
620 2595 753 2664 repperisse
762 2594 864 2649 traditur
874 2592 938 2650 Rosa
949 2594 1093 2649 architectus
1104 2592 1177 2649 italus
1187 2594 1212 2648 in
1221 2592 1280 2648 Ger·

297 2675 369 2732 hard.
383 2674 443 2744 Eph.
455 2675 572 2733 archaeob
593 2681 672 2740 1852.
686 2694 709 2748 p.
722 2682 773 2735 241
791 2685 816 2733 ot
832 2679 895 2734 Rull.
909 2677 1280 2747 dell’lnstit.arcb.1853‚p«3

297 2775 368 2830 sqq:
384 2758 426 2813 ubi
438 2775 511 2830 quum
525 2762 629 2830 piscator
644 2763 807 2817 Anconitauus
824 2778 891 2818 rarae
907 2762 1080 2834 magnitudinis
1095 2761 1221 2816 rhombum
1234 2762 1280 2815 im·

298 2843 405 2915 peratori
416 2844 480 2899 dono
491 2845 618 2900 obtulisset
629 2846 665 2913 (v.
673 2847 707 2901 37
718 2874 754 2885 -
764 2843 820 2914 71),
831 2846 872 2901 bic
882 2846 1028 2916 reipublicae
1043 2860 1156 2915 proceres
1166 2845 1281 2914 aulaeque

298 2927 421 2999 principes
434 2928 457 2982 iu
474 2930 600 2984 consilium
612 2929 736 2984 aduocauit
746 2929 925 2995 debheraturds,
942 2930 1007 3001 quali
1016 2929 1098 3001 pating
1108 2929 1199 2998 piscem
1209 2927 1281 2998 coqui

298 3018 424 3082 oporteret
440 3014 475 3080 (v.
494 3015 655 3081 72—149)‚
668 3012 786 3083 huiusque
803 3015 896 3068 consilii
912 3014 993 3083 specie
1008 3012 1126 3067 luvenalis
1143 3013 1209 3082 ipsos
1225 3012 1281 3066 illos

297 3096 411 3151 homines
427 3098 567 3151 nominatim
585 3097 737 3167 depingendo
748 3097 786 3152 vel
798 3097 960 3152 iutilissimum
980 3103 1150 3168 argumentum
1166 3095 1281 3164 praeclari

298 3179 393 3252 ingenii
407 3181 495 3235 uirtute
513 3183 538 3236 in
548 3181 764 3251 splendidissimam
778 3188 916 3252 tempomm
936 3181 1069 3252 imaginem
1087 3180 1194 3235 conuerti
1211 3193 1282 3249 posse

297 3263 414 3320 ostendit.
447 3262 549 3330 Quintae
565 3266 651 3320 satirae
668 3266 829 3335 principaliter
846 3265 894 3320 hoc
910 3266 1059 3337 propositum
1077 3270 1174 3329 cst‚·ut
1184 3262 1281 3333 ancipib'

299 3363 416 3413 censura,
429 3350 492 3419 quali
503 3351 645 3420 plerumque
656 3350 773 3405 luvenalis
784 3351 866 3415 utitur,
879 3351 1048 3420 opulentorum
1057 3347 1182 3403 bominum
1197 3347 1282 3403 sordes

298 3438 325 3486 et
336 3432 452 3487 obertum
462 3434 577 3488 vilitatem
586 3441 659 3500 taxet
673 3434 713 3505 qui
723 3450 798 3505 quum
809 3434 839 3489 ab
850 3435 897 3489 illis
907 3435 937 3490 ad
944 3447 1044 3489 coenam
1055 3432 1154 3488 adhibiti
1164 3431 1281 3503 indiguis·

297 3518 360 3571 mma
372 3514 539 3588 inaequalitate
549 3523 693 3585 tractentur,
709 3525 790 3574 tamen
811 3526 836 3572 et
847 3519 889 3573 has
903 3519 999 3573 iniurias
1015 3523 1041 3572 ct
1056 3516 1147 3588 reliqua
1158 3515 1282 3571 chenteiae

298 3601 454 3655 incommoda
466 3602 540 3671 ipsius
552 3617 641 3656 coenae
651 3603 758 3674 quarum
767 3618 834 3657 rarae
844 3617 889 3673 spe
899 3604 981 3674 aequis
992 3602 1078 3658 auimis
1087 3601 1179 3661 ierant:
1197 3600 1281 3655 eadem

301 3685 403 3739 rerovel
416 3685 630 3758 eareantiquitatis
637 3687 772 3742 studiosam
783 3687 899 3752 aduertit,
912 3686 967 3758 quia
976 3687 1063 3741 ueteris
1073 3684 1281 3743 coenae-ordinem

299 3767 414 3842 legitimo
424 3768 528 3829 buum
541 3768 649 3844 sequtus
663 3770 864 3846 singulorumque
880 3770 1031 3831 leomarum
1042 3770 1297 3841 adutaompouao
