3267 4409
363 435 426 486 ΠΙ
744 428 954 477 PRAEFATIO·

361 592 531 654 quemcunque
546 575 653 633 nohilem
670 572 775 631 uolueris
791 574 916 630 revolvens
931 572 961 630 ad
970 571 1131 629 humilitatem
1146 580 1306 645 peremturum

363 663 594 740 (rme-late).
627 657 700 715 Noeta
718 659 790 715 sah'ra
805 659 832 713 in
848 658 963 729 colloquii
980 657 1084 713 termam
1102 656 1220 729 disposita
1236 666 1290 727 est,
1308 660 1351 717 uhi

362 748 483 805 llaeu'elrm
502 744 639 801 aluuenale
657 750 754 815 propter
765 742 888 798 tristitiam
907 748 934 797 et
945 741 1083 813 squalorem
1097 741 1266 812 interpellatus
1283 742 1349 811 (1.1

365 860 402 875 -
414 835 462 901 26)
473 830 497 885 in
508 830 609 885 diuitum
622 827 776 883 cinaedorum
787 828 909 882 auaritiam
919 825 1045 891 inuehitur,
1058 826 1098 897 qui
1108 826 1203 883 miseris
1213 826 1351 895 clientibus,

363 932 425 990 quos
442 915 472 971 ad
488 913 618 970 muliebres
628 913 763 982 voluptates
775 911 904 982 explendas
916 909 1089 976 conduxerint,
1105 924 1137 965 ne
1147 912 1287 968 mercedem
1300 912 1352 985 qui-

363 1002 419 1058 dem
429 999 537 1056 debitam
546 998 640 1053 soluere
649 997 781 1068 dignentur
792 996 830 1062 (u.
843 996 1012 1064 17-101),
1023 999 1095 1065 poeta
1105 1008 1162 1051 vero
1173 996 1352 1053 uieissimisto-

363 1100 419 1141 rum
428 1084 555 1139 hominum
570 1081 743 1152 turpitudinem
756 1086 828 1151 atque
839 1079 1012 1149 impudentiam
1023 1077 1142 1149 castigat,
1159 1080 1202 1151 qui
1211 1080 1270 1137 talis
1280 1094 1353 1153 quae·

363 1176 416 1225 sous
433 1168 556 1224 infamiam
574 1166 639 1221 sicca
656 1166 736 1220 sroute
759 1163 917 1234 profiteantur
933 1162 969 1229 (u.
986 1164 1173 1237 tot—150):
1190 1178 1255 1237 quae
1271 1172 1353 1221 mmet

365 1252 512 1309 omnialicet
518 1249 851 1321 eandemadindignationern
857 1247 1353 1318 dirigantur,quamceteraeluuemalissa'-

367 1334 675 1407 tiraespirant,haeeuelut
685 1330 1354 1404 contagioneinfeetaargumentisordestantaorationis

366 1422 519 1477 ohscemtate
534 1426 621 1491 aequat
630 1418 806 1488 verhemmque
822 1416 954 1471 nuditatem
963 1421 1015 1471 tam
1030 1414 1144 1469 tenuibus
1159 1416 1219 1471 artis
1229 1416 1353 1473 coloribus

364 1505 442 1569 uelat,
461 1510 490 1558 ut
500 1503 672 1558 acermatiorem
682 1502 857 1557 enarrationem
866 1514 915 1555 nou
925 1498 1002 1570 pudor
1012 1498 1238 1571 magisquamipsa
1248 1516 1353 1561 oecono-

367 1589 431 1643 miae
440 1588 533 1643 ruditas
543 1585 664 1642 excludat.
1284 1572 1294 1589 “

452 1670 530 1726 llulto
546 1677 571 1725 et
588 1669 681 1742 gratior
698 1679 724 1723 et
743 1669 837 1725 doctior
852 1667 934 1742 quoete'
949 1666 1005 1723 libri
1018 1668 1133 1724 serentes
1142 1674 1192 1735 est,
1204 1666 1251 1725 ulti
1261 1668 1352 1727 edan

366 1756 439 1811 satira
449 1755 600 1810 decantatam
611 1754 636 1808 iu
646 1752 843 1823 philosophorum
853 1752 920 1809 libris
931 1758 1043 1807 votomm
1053 1751 1214 1809 humamanam
1220 1754 1351 1811 multatam

366 1842 440 1913 longa
452 1839 619 1909 exemplorum
628 1838 690 1893 serie
700 1838 733 1892 ita
745 1837 863 1902 illustrat,
874 1843 902 1892 ut
912 1836 1008 1892 easdem
1018 1852 1065 1902 ras,
1076 1836 1221 1909 quaerulgo
1232 1836 1350 1895 homerum

366 1938 460 1980 summa
471 1923 617 1988 habeantur,
635 1923 752 1993 ancipites
766 1921 871 1992 ipsisque
889 1919 1027 1990 optantibus
1043 1921 1350 1991 perniciosasessedoeett

367 2010 403 2076 (u.
415 2016 429 2068 l
441 2012 552 2078 -11);
569 2007 633 2081 qued
643 2012 770 2078 postquam
780 2005 885 2076 primum
895 2004 1030 2061 diuidamm
1045 2012 1190 2076 argumemo
1200 2005 1349 2063 adumbravit

367 2094 404 2161 (u.
415 2095 568 2163 la-tt),
588 2093 678 2162 priscas
689 2089 821 2145 Democriti
837 2094 862 2143 et
872 2088 985 2145 lleraeliti
995 2090 1150 2145 auctoritates
1165 2095 1257 2145 testata
1267 2090 1305 2159 (r.
1315 2092 1348 2149 ὓ

370 2204 406 2217 -
414 2182 462 2245 55)
482 2176 586 2248 quinque
603 2176 708 2231 mammo
718 2181 830 2229 uotorum
840 2186 945 2244 genera,
959 2189 1006 2246 quo
1022 2173 1093 2229 altius
1103 2180 1248 2247 amurgam,
1259 2188 1290 2231 ee
1300 2188 1348 2229 ma·

367 2262 417 2317 iora
432 2261 542 2316 lomunae
552 2260 653 2316 ludibria
664 2260 803 2330 permittere
813 2257 976 2325 demonstrat,
987 2258 1119 2328 potentiam
1130 2258 1166 2325 (r.
1178 2258 1346 2329 eo—tte).

368 2344 529 2415 elementum
541 2344 577 2410 (v.
590 2333 775 2412 ris—rea),
786 2340 1007 2413 belligeratum.
1018 2344 1199 2411 res-tet).
1211 2340 1347 2399 uentre

369 2442 426 2499 gam
438 2426 474 2493 (r.
487 2431 538 2484 188
547 2453 583 2466 -
592 2430 666 2497 288),
678 2425 880 2496 pulchritudinem
892 2425 929 2490 (v,
941 2426 1127 2494 asa—rm
1145 2422 1347 2499 dmmueuqnll

367 2510 460 2564 homini
477 2510 609 2578 optandum
626 2524 678 2564 asse
688 2509 809 2576 uideatur,
824 2509 902 2565 selam
910 2509 1061 2579 prudentiam
1071 2508 1196 2581 relmqrit,
1213 2524 1290 2583 quam
1298 2510 1348 2581 ipo

369 2592 415 2647 sihi
426 2592 483 2647 dare
492 2594 568 2661 possit
579 2593 615 2659 (u.
626 2596 794 2661 dle—366).
814 2591 958 2649 lludeeimoe
967 2608 1063 2666 quoque
1072 2594 1159 2649 satirm
1169 2600 1347 2667 tenor,quam-

370 2677 406 2731 uis
420 2675 518 2745 propius
529 2676 557 2732 ad
572 2678 645 2731 uitam
657 2677 818 2747 quotidianam
828 2676 939 2742 accedat,
951 2692 981 2733 eo
992 2684 1073 2733 muron
1082 2692 1096 2733 a
1105 2677 1274 2747 superioribus
1283 2676 1348 2735 lilrr‘m

371 2760 537 2831 distinguitur,
555 2761 686 2832 quodcum
696 2761 766 2817 solita
776 2776 941 2831 perversorum
951 2761 1086 2817 studiorum
1096 2760 1208 2817 irrisione
1219 2760 1348 2819 ineundam

369 2859 440 2900 sanae
450 2859 479 2899 ae
488 2844 581 2900 sobriae
591 2846 654 2901 vitae
665 2845 795 2918 imaginem
808 2846 935 2917 coniungit
948 2846 1106 2917 Persieoque,
1116 2856 1191 2917 quem
1203 2844 1347 2919 llegalerio·

369 2943 422 2985 rum
434 2929 473 2984 die
484 2928 544 2985 testo
554 2930 585 2985 ad
598 2929 712 2985 ursticam
723 2945 823 2985 coenam
833 2931 929 2996 inuitat,
945 2936 1002 3001 post
1010 2929 1109 2985 breuem
1117 2928 1348 3001 intempestiuaelu·

368 3013 451 3068 xuriae
461 3014 669 3082 reprehensionem
681 3015 717 3081 (u.
729 3021 791 3073 1-
800 3016 849 3084 55)
860 3014 980 3085 ingenuae
989 3012 1135 3085 frugalitatis
1144 3014 1288 3087 exeurplum
1296 3026 1349 3085 pru·

368 3098 448 3167 pouit,
467 3113 587 3169 quocum
604 3106 719 3169 perpetua
741 3099 894 3170 antiquorum
917 3112 1013 3154 morum
1034 3097 1216 3168 comparatione
1229 3096 1348 3169 descripte

369 3181 572 3252 (1.56-161)
590 3181 635 3237 suh
645 3183 717 3237 tinem
729 3183 827 3238 demum
844 3182 875 3237 ad
889 3183 1025 3253 voluptates
1041 3182 1178 3255 aequalium
1197 3180 1239 3249 (t.
1252 3186 1346 3243 1!-

370 3267 434 3333 180)
445 3280 565 3337 vanasque
575 3280 645 3321 curas
654 3266 730 3333 redit,
741 3281 801 3337 quas
811 3267 916 3321 amieum
927 3266 990 3337 apud
998 3280 1026 3323 se
1036 3266 1157 3337 deponere
1166 3264 1238 3323 iuhet
1252 3266 1348 3335 (1.181

371 3374 409 3387 ·-
417 3352 497 3420 208);
515 3350 646 3421 simquue
664 3350 814 3405 duodecimae
831 3351 936 3407 conditio
948 3358 998 3416 est,
1017 3350 1086 3406 euius
1096 3366 1172 3423 quum
1182 3350 1288 3421 plurima
1297 3362 1349 3421 pert

370 3432 394 3487 in
405 3435 555 3503 tempestatis
565 3435 671 3489 marinae
681 3435 842 3505 descriptione
856 3441 974 3499 versetur,
993 3434 1057 3491 unde
1067 3433 1192 3491 tenteris
1208 3440 1299 3507 poetae
1306 3430 1349 3491 Ce-

370 3515 445 3570 tullus
455 3518 496 3571 uix
505 3534 589 3588 sospes
600 3519 695 3574 redierit
705 3519 743 3586 (u.
756 3522 900 3589 15-82),
911 3519 998 3575 satirae
1008 3518 1101 3575 indoles
1110 3518 1136 3575 iu
1146 3514 1349 3575 temnentem

371 3600 490 3666 cernitur,
507 3602 549 3657 uhi
563 3602 680 3659 luvenalis
695 3603 854 3659 voluntariam
865 3604 936 3658 amiel
946 3605 1063 3659 iacturam
1073 3602 1349 3671 aliommararltiseep·

370 3683 439 3752 penit
455 3683 491 3749 (u.
505 3689 538 3743 st
548 3689 656 3755 -56),
675 3694 700 3741 st
714 3688 757 3742 uhi
772 3702 844 3742 suum
860 3687 1017 3753 sacrilleium,
1034 3701 1083 3759 quo
1097 3686 1164 3743 illius
1172 3684 1348 3745 redimmorle·

365 3766 440 3824 eree
451 3776 523 3844 parat
540 3770 577 3843 (v.
591 3774 606 3830 1
618 3775 729 3845 -1at,
745 3771 774 3829 au
793 3772 926 3829 amorosa
942 3778 1093 3844 equorum
1108 3770 1204 3831 emm
1222 3758 1348 3845 irrue·
1393 3780 1396 3883 q
