3267 4409
326 461 389 526 206
645 463 690 526 M.
707 462 799 527 VAL.
816 463 1042 529 MARTIALIS

788 617 896 680 XXXI.

411 717 487 777 (lum
502 733 604 775 comes
618 716 742 776 Arctois
755 718 902 778 haereret
917 718 1057 778 Caesaris
1072 720 1165 781 armis

451 800 576 879 Velius,
597 801 676 860 hanc
690 802 785 862 Marti
799 821 856 882 pro
870 801 948 862 duce
961 803 1045 863 vovit
1060 823 1154 865 avom.

411 886 497 946 Luna
512 892 621 964 quater
635 887 724 944 binos
738 905 800 945 non
815 892 880 946 tota
894 894 1062 967 peregerat
1077 890 1190 966 orbes3

452 970 563 1031 Debita
576 971 724 1050 poscebat
737 971 797 1030 iam
814 971 875 1030 sibi
889 978 960 1031 vota
976 971 1061 1033 deus.

389 1056 480 1137 blpse
495 1073 564 1114 suas
582 1073 672 1113 anser
690 1056 869 1134 properavIt
882 1054 981 1115 laetus
996 1055 1035 1116 ad
1048 1076 1114 1117 aras
1153 1093 1159 1112 ι
1269 1062 1281 1073 ”

355 1156 358 1164 ’
450 1141 492 1200 Et
507 1138 621 1199 cecidit
633 1140 747 1198 sanctis
761 1140 862 1198 hostia
875 1159 967 1221 parva
981 1141 1068 1202 focis.

412 1224 489 1286 Octo
504 1222 591 1283 vides
606 1220 711 1303 patulo
727 1222 867 1303 pendere
881 1225 1061 1284 nomismata
1074 1233 1177 1286 rostro

452 1308 566 1370 Alitis?
587 1310 663 1367 haec
680 1309 759 1368 extis
777 1308 901 1367 condita
914 1327 1015 1388 nuper
1029 1315 1127 1372 erant.

412 1395 496 1471 Quae
511 1391 582 1453 litat
596 1397 723 1470 argento
735 1411 792 1472 pro
806 1397 856 1471 te,
875 1411 937 1452 non
953 1395 1116 1472 sanguine,
1137 1394 1267 1474 Caesar,

247 1533 254 1555 ,
370 1490 403 1541 10
451 1478 600 1561 Victima,
620 1479 680 1537 iam
694 1477 780 1536 ferro
794 1497 857 1536 non
872 1497 948 1557 opus
964 1496 1032 1538 esse
1049 1478 1150 1539 docet.

786 1589 907 1651 XXXII.

410 1689 498 1749 Hanc
514 1686 600 1763 volo,
622 1707 698 1768 quae
714 1688 831 1767 facilis,
855 1708 932 1768 quae
946 1687 1108 1769 palliolata
1122 1698 1266 1771 vagatur,

350 1802 352 1807 ·
453 1774 540 1834 Hauc
554 1771 642 1851 volo,
665 1791 743 1851 qnae
756 1791 854 1852 puero
869 1775 928 1833 iam
946 1773 1034 1834 dedit
1046 1782 1118 1836 ante
1133 1795 1220 1852 meo;

412 1858 499 1917 Hanc
513 1855 599 1933 volo,
622 1877 711 1935 quam
725 1856 851 1917 redimit
867 1864 961 1923 totam
976 1856 1120 1921 denarius
1135 1859 1233 1939 alter,

452 1943 540 2002 Hanc
554 1940 639 2019 volo,
661 1960 739 2020 quae
752 1943 871 2021 pariter
885 1943 999 2002 sufficit
1015 1963 1075 2003 una
1087 1946 1197 2007 tribus.

392 2027 597 2088 5Poscentem
611 2045 748 2085 nummos
766 2033 799 2086 et
813 2025 941 2104 grandia
954 2029 1049 2086 verba
1064 2035 1227 2088 sonantem

452 2110 614 2171 Possideat
629 2128 749 2171 crassae
763 2109 900 2171 mentula
914 2111 1109 2190 BurdIgalec.

778 2222 915 2286 XXXIII.

411 2319 555 2379 Audieris
570 2321 601 2378 in
617 2340 693 2400 quo,
714 2319 846 2399 Flacco,
868 2319 979 2380 balneo
992 2318 1150 2400 plausum,

411 2404 563 2463 blatronis
575 2403 642 2490 illic
658 2424 726 2466 esse
742 2404 909 2464 mentulam
924 2405 1012 2467 scito.

775 2538 912 2602 XXXIV.

409 2639 548 2718 Iuppiter
561 2635 644 2699 Idaei
659 2640 729 2699 risit
742 2638 901 2700 mendacia
913 2639 1011 2715 busti,

451 2723 529 2783 Dum
541 2716 628 2783 ridet
640 2724 768 2802 Augusti
783 2723 889 2784 Flavia
904 2720 1019 2803 templa
1032 2719 1114 2802 poli,

410 2809 514 2886 Atque
528 2808 612 2867 inter
625 2827 745 2868 mensas
760 2807 847 2887 largo
862 2810 921 2868 iam
935 2814 1063 2867 nectare
1078 2806 1184 2884 fusus,

452 2889 568 2952 Pocula
583 2912 650 2952 cnm
666 2893 762 2952 Marti
775 2893 916 2953 traderet
930 2894 998 2972 ipse
1013 2910 1068 2951 suo
1076 2934 1085 2968 ‚

387 2976 592 3056 5Respiciens
606 2977 765 3037 Phoebum
778 2979 897 3058 pariter
912 2977 1094 3055 Phoebique
1109 2992 1266 3052 sororem,

452 3062 527 3122 (lum
545 3062 654 3140 quibus
668 3059 793 3122 Alcides
809 3070 843 3123 et
854 3064 924 3142 pius
937 3063 1034 3121 Arcas
1049 3066 1132 3120 erat:

409 3146 547 3225 „Gnosia
561 3147 637 3205 ros“
651 3147 751 3225 inquit
765 3149 877 3225 „nobis
891 3147 1078 3206 monimenta
1093 3142 1239 3203 dedistis:

451 3231 597 3309 Gemite,
617 3250 705 3309 quam
719 3230 789 3311 plus
805 3233 863 3309 sit,
885 3230 1026 3291 Caesaris
1043 3246 1112 3288 esse
1126 3225 1278 3309 patrem.“

784 3363 909 3428 XXXV.

409 3464 537 3523 Artibus
549 3464 598 3522 his
614 3481 738 3542 semper
753 3482 876 3541 cenam,
897 3461 1094 3540 Philomuse‚
1115 3460 1262 3536 mereris,

450 3545 586 3606 Plurima
604 3547 675 3606 dum
689 3549 796 3626 fingis,
813 3547 871 3608 sed
884 3548 970 3626 quasi
983 3566 1058 3607 uera
1071 3546 1184 3607 reiera.

410 3630 495 3708 Scis,
518 3630 591 3708 quid
605 3633 636 3690 in
650 3633 776 3691 Arsacia
791 3633 926 3692 Pacorus
941 3630 1098 3692 deliberet
1112 3629 1198 3709 aula,

450 3716 660 3794 Rhenigenam
674 3736 815 3776 numeras
832 3717 1092 3795 Sarmaticamque
1105 3734 1245 3790 mauum3
