3267 4409
619 433 802 486 enumeras
822 433 960 485 sauma.
1221 426 1281 490 107

295 594 346 656 Sic
363 589 461 653 itidem
476 589 605 653 Romana
620 607 736 667 manos,
753 588 931 651 contendere
953 598 1109 672 postquem

293 676 414 739 Destitit
431 684 460 736 et
474 692 578 756 pacem
600 674 696 752 longis
711 673 841 736 irenavit
850 673 987 751 habenis,

293 761 362 841 lpsa
377 760 454 821 domi
471 759 557 838 leges
575 765 605 820 et
620 757 705 820 Greia
720 758 835 820 inventa
850 766 1012 820 retractant

296 843 400 906 Omnia
415 842 559 905 bellorum
574 851 652 903 terra
667 844 798 922 quaesita
812 843 947 921 marique¹
1248 853 1285 909 tto

294 928 427 991 Praemia
443 927 567 989 consilio
583 935 614 987 et
627 926 708 987 molli
725 928 839 988 ratione
853 926 987 1005 regebat.

294 1011 397 1075 Stabat
412 1011 440 1071 in
456 1011 518 1079 bis;
539 1011 724 1089 nequeenim
740 1020 858 1091 poterat
873 1020 1009 1072 constare
1023 1009 1087 1073 sine
1101 1010 1190 1092 ipsis,

296 1094 357 1157 Ant
373 1095 480 1156 frustra
495 1096 580 1154 uxori
597 1094 780 1174 mendaxque
797 1094 948 1175 Diespiter
963 1094 1047 1156 olim:

294 1178 463 1260 Imperium
477 1180 544 1241 eisc
560 1178 621 1258 tina
640 1178 724 1256 dedi,
740 1178 850 1239 dixisse
865 1178 1015 1258 probatur.

296 1263 381 1326 Nune
397 1263 483 1341 igitur
498 1263 547 1343 qui
562 1280 612 1341 res
625 1260 771 1323 Romanas
786 1263 908 1341 imperat
928 1263 1022 1339 inter,
1248 1273 1282 1327 35

294 1346 363 1409 ilon
376 1345 461 1407 trabe
476 1346 529 1407 sed
544 1354 629 1423 tergo
644 1344 801 1425 prolapsus
817 1355 848 1406 et
862 1345 990 1424 ingluvie
1005 1343 1105 1423 albus,

295 1429 334 1493 Et
348 1429 441 1491 studia
457 1437 487 1490 et
502 1430 619 1508 sapiens
635 1429 778 1489 bominum
793 1446 957 1508 nomenque
972 1446 1126 1511 genusque

296 1512 399 1575 Omnia
415 1511 496 1575 abire
514 1513 593 1574 loras
608 1522 695 1590 atque
710 1512 782 1573 urbe
799 1514 948 1574 excedere
963 1514 1056 1574 iussit.

296 1595 373 1672 Quid
387 1596 533 1658 iaclmnsl
563 1596 666 1659 Graios
681 1595 883 1676 bominumque
899 1596 1068 1676 reliquimus
1081 1594 1188 1675 nrbes,

297 1680 337 1743 tts
351 1679 481 1742 Romana
496 1681 574 1741 foret
588 1680 680 1759 magis
697 1680 742 1743 bis
751 1682 898 1742 instructa
913 1681 1074 1758 magistrist
1252 1690 1286 1745 40

295 1764 397 1841 Nunc,
413 1761 579 1844 Capitolino
593 1764 685 1826 relntt
701 1763 834 1825 turbante
850 1761 976 1827 Camillo

296 1846 424 1911 Ensibus
440 1857 470 1909 et
486 1849 591 1909 trutina
607 1846 682 1909 Galli
696 1847 800 1927 lugere
822 1848 943 1925 relicta,

295 1932 348 1995 Sic
361 1933 454 1992 nostri
469 1931 570 2012 palare
585 1950 674 1993 senes
689 1931 822 1993 dicuntur
837 1941 867 1993 ct
882 1932 938 2011 ipsi

296 2014 335 2079 Ut
350 2015 445 2077 ferale
461 2033 531 2078 snos
547 2033 620 2076 onus
636 2016 798 2095 exstirpare
815 2014 944 2076 libellos.

297 2096 379 2178 Ergo
394 2097 582 2161 Numantinus
598 2098 782 2179 Libycusque
800 2099 910 2161 erravit
926 2099 954 2160 in
974 2099 1031 2159 istc
1248 2107 1284 2169 45

296 2183 417 2263 Scipio,
434 2185 482 2263 qui
497 2182 612 2245 llbodio
629 2184 721 2244 erevit
737 2184 880 2245 tormonte
895 2183 1050 2262 magistro,

297 2264 406 2329 cetera
423 2277 451 2329 et
467 2267 516 2329 illa
529 2285 629 2329 manos
644 2266 725 2329 bello
742 2267 865 2328 incunda
883 2268 1029 2347 secundo,

297 2348 382 2429 Quos
399 2351 473 2412 inter
489 2352 577 2431 prisci
592 2352 736 2413 sententia
754 2351 801 2413 dia
816 2347 935 2412 catonis

297 2434 383 2500 Scire
400 2435 475 2496 adeo
490 2435 585 2513 magni
602 2435 739 2511 iecisset,
757 2443 888 2501 utrumne
903 2435 1038 2495 secundis

298 2520 344 2583 bu
363 2521 454 2598 magis
471 2519 603 2581 adversis
618 2527 709 2580 staret
724 2518 852 2580 Romana
867 2515 1023 2601 propago?
1131 2584 1135 2590 ,
1251 2529 1286 2582 to

298 2603 421 2669 Scilicet
437 2604 586 2665 adversis:
609 2620 674 2663 nom
692 2621 778 2683 quum
796 2602 949 2665 defendier
969 2604 1057 2664 armis

299 2686 410 2751 Suadet
423 2704 504 2749 amor
517 2688 629 2766 patriae
651 2696 681 2747 et
699 2688 813 2767 captiva
834 2687 989 2767 penatibus
1001 2704 1093 2764 uxor,

300 2770 461 2848 Convenit,
480 2779 511 2832 ut
524 2772 642 2850 vespis,
659 2789 779 2850 quarum
795 2770 897 2833 domus
912 2788 982 2833 arce
997 2769 1149 2847 Monetae,

301 2854 399 2919 'larba
413 2857 514 2934 rigens
531 2855 640 2915 strictis
654 2873 710 2935 per
725 2855 804 2918 luten
825 2872 950 2934 corpora
966 2853 1049 2927 telis;
1154 2916 1157 2921 ⁴

299 2939 355 3001 Ast
368 2939 418 3000 nbi
434 2957 505 3018 spes
524 2956 629 3000 secura
643 2939 735 3015 redit,
755 2938 846 3001 oblita
864 2938 995 3000 tenorum
1249 2946 1284 3000 bt

299 3022 389 3087 Plebs
402 3032 553 3103 materque
567 3039 624 3083 nna
639 3040 740 3083 somno
758 3025 917 3084 moriuntur
931 3021 1034 3083 obeso.

299 3105 517 3170 Romulidarum
533 3106 619 3185 igitur
634 3108 723 3186 longa
738 3117 767 3168 et
782 3108 881 3186 pranis
897 3107 1014 3167 exitium
1027 3122 1096 3184 par.

341 3188 408 3255 noe
423 3190 532 3254 fabella
546 3190 633 3251 modo
649 3209 768 3271 pausam
783 3192 862 3252 lacit
896 3188 1025 3271 Optima,
1044 3189 1179 3269 posthac,

298 3272 400 3351 lusa,
414 3274 502 3336 uelim
519 3292 656 3351 moneas,
674 3276 737 3336 sine
754 3293 810 3355 qua
825 3274 893 3335 milri
909 3275 987 3336 nulla
1001 3273 1137 3353 voluptas
1363 3337 1366 3341 ,

298 3358 427 3435 Vivere,
445 3361 486 3420 nti
501 3359 645 3439 quondam
658 3357 771 3438 Lydos,
786 3360 853 3420 dnm
869 3360 991 3435 Smyrna
1005 3357 1133 3438 peribat,
1249 3363 1286 3419 60

299 3441 384 3505 Nunc
398 3443 496 3504 itidem
512 3445 638 3522 migrare
655 3442 749 3512 uelis3
770 3442 821 3503 vel
837 3443 963 3523 denique
984 3442 1097 3521 quidvis

299 3526 339 3591 Ut
354 3510 409 3589 d&
424 3545 534 3606 quaere
550 3527 646 3596 alind:
669 3536 777 3589 tantum
793 3525 922 3588 Romana
938 3524 1049 3587 Caleno

299 3609 418 3675 loenia
434 3612 575 3672 iucundos
589 3613 757 3691 pariterque
773 3620 873 3672 averte
888 3609 1022 3672 Sabinos.

299 3693 383 3759 llaec
398 3711 470 3773 epm
494 3704 553 3757 tum
567 3696 667 3777 paucis
679 3694 734 3758 den
748 3714 795 3756 me
811 3694 958 3775 dignarier
974 3690 1049 3756 iniit:
