3267 4409
1063 380 1070 389 a

335 561 398 627 364
611 558 1096 624 1ttn1oxn1²1ontnsstmron

336 717 434 767 Nomen
450 713 529 764 habes
546 714 628 764 teneri
644 714 713 776 quod
728 721 842 778 tempora
856 719 983 776 nuncupat
1001 713 1061 762 anni
1089 746 1098 762 .
1123 745 1132 762 .
1158 746 1166 763 .
1193 746 1201 762 .

336 785 432 836 Nomen
447 781 524 832 habat
539 784 626 848 magni
642 782 754 832 volucris
769 790 822 831 tam
839 796 918 845 parva
934 782 1063 847 gigantis?
1089 814 1096 830 .
1124 814 1132 830 .
1159 815 1167 831 .
1193 815 1202 829 .
1305 818 1313 838 ‚

337 854 496 904 Nomentana
511 866 595 901 meum
614 852 660 900 tibi
678 852 722 901 dat
738 852 868 900 vindemia
883 849 1009 899 Bacchum
1019 882 1202 900 ......

335 922 444 973 Nomina
462 920 583 970 candelae
597 921 671 969 nobis
687 920 789 982 antiqua
804 919 929 969 dederont
950 950 1201 968 ........
1302 956 1313 985 ,

335 991 444 1042 Nomina
459 989 503 1038 dat
519 989 633 1053 spondae
650 990 726 1052 pictis
740 987 911 1053 pulcherrima
925 987 1011 1051 pinnis
1022 1019 1201 1036 ......
1305 1024 1313 1047 ,

335 1059 392 1109 Non
409 1072 466 1108 amo
486 1057 664 1119 quodvincat,
679 1058 726 1107 sed
740 1058 809 1119 quod
824 1057 987 1105 succumbere
1005 1054 1096 1105 novit.
1124 1088 1131 1103 .
1158 1088 1167 1105 .
1192 1087 1201 1102 .

335 1127 391 1177 Non
407 1140 464 1177 amo
480 1133 520 1184 ta,
540 1124 641 1186 Sabidi,
659 1140 706 1174 nec
723 1140 829 1190 possum
841 1125 924 1174 dicere
941 1139 1019 1187 quare
1055 1156 1200 1174 .....

335 1196 392 1249 Non
409 1201 480 1244 cenat
495 1194 550 1242 sine
569 1209 630 1259 apro
647 1202 747 1254 noster,
765 1193 836 1253 Tite,
856 1192 1029 1243 Caecilianus.
1048 1199 1053 1209 '
1057 1224 1201 1242 .....

335 1264 392 1315 Non
407 1264 439 1313 de
455 1261 530 1327 plebe
548 1263 654 1323 domus,
670 1276 716 1311 nec
734 1276 826 1312 avarae
841 1276 917 1312 verna
932 1269 1041 1311 catanae
1054 1292 1201 1310 .....

336 1332 393 1383 Non
410 1333 442 1382 de
457 1332 482 1381 vi
496 1345 577 1392 neque
594 1332 672 1381 caede
685 1345 732 1379 nec
747 1345 844 1380 veneno
881 1362 1200 1380 ..........

336 1401 393 1451 Non
410 1401 510 1459 dicam,
526 1398 586 1449 licet
600 1414 682 1462 nsque
698 1413 739 1448 me
757 1400 854 1465 rogetis
880 1430 1201 1450 ..........

336 1462 393 1520 Non
411 1469 479 1529 dixi,
496 1465 629 1528 Coracine,
645 1475 671 1518 te
686 1468 819 1518 cinaedum
845 1498 1200 1518 ...........

336 1537 394 1589 Nun
411 1538 503 1587 donem
517 1537 565 1585 tibi
582 1552 627 1587 cur
641 1551 711 1586 meos
729 1535 827 1586 libellos
850 1566 1200 1586 ...........
1303 1572 1311 1598 ,

269 1622 274 1633 ·
337 1605 394 1656 Non
410 1607 457 1654 erit
472 1605 498 1653 in
514 1605 587 1653 turba
605 1607 738 1667 quisquam
753 1594 936 1668 Μισοῦμενος
953 1604 1002 1653 ista
1021 1636 1201 1653 ......
1289 1640 1298 1665 ,

337 1673 394 1724 Non
409 1680 448 1722 est
465 1674 491 1721 in
507 1672 602 1738 populo
618 1689 664 1723 nec
681 1674 744 1724 urbe
755 1681 808 1722 tota
850 1704 1201 1724 ...........
1308 1710 1317 1735 ,

336 1741 392 1791 Non
405 1748 443 1791 est
459 1740 509 1790 ista
525 1755 629 1803 recens,
647 1742 693 1791 sed
708 1743 787 1791 nostri
801 1742 882 1807 gloria
895 1741 959 1791 caeli
986 1772 1201 1791 .......
1306 1778 1314 1801 ,

337 1810 393 1860 Non
409 1816 447 1860 est
463 1809 522 1859 lana
538 1810 600 1858 mihi
614 1810 736 1869 mendax,
753 1824 800 1859 nec
812 1816 896 1859 mutor
911 1809 993 1860 aheno
1021 1842 1201 1859 ......
1289 1848 1298 1873 ,

336 1878 393 1929 Non
407 1883 446 1928 est
462 1878 596 1939 mentitus,
615 1879 659 1940 qui
676 1885 701 1927 te
713 1877 776 1926 mihi
795 1879 859 1928 dixit
873 1877 965 1928 habere
987 1910 1201 1929 .......

337 1948 393 1997 Non
410 1953 462 2008 eat,
478 1961 582 1996 munera
597 1947 665 2009 quod
682 1953 755 2011 putes
772 1947 865 2011 pusilla
884 1978 1201 1998 ..........
1305 1986 1315 2015 ,

337 2015 393 2066 Non
407 2021 459 2075 eat,
477 2014 573 2077 Tucca,
592 2016 668 2075 satis,
685 2016 753 2076 qnod
769 2029 797 2064 es
811 2014 917 2080 gulosus
952 2048 1202 2065 ........
1303 2054 1312 2079 ,

338 2085 394 2136 Non
406 2082 467 2133 iacit
483 2085 517 2135 ad
534 2098 623 2134 saevos
641 2084 741 2143 ceram,
760 2085 811 2133 nisi
826 2086 922 2149 prima,
941 2083 1029 2134 leones
1056 2115 1201 2133 .....

337 2153 394 2204 Non
407 2151 500 2202 habilis
516 2153 612 2218 cyathis
630 2159 655 2202 et
667 2152 763 2202 inutilis
780 2167 830 2203 uva
845 2153 929 2217 Lyaeo
951 2184 1201 2202 ........

338 2221 395 2271 Nou
410 2220 479 2270 horti
493 2236 574 2284 neque
588 2220 701 2286 palmitis
716 2223 784 2272 beati
815 2253 1201 2273 ............

337 2289 392 2340 Non
405 2289 453 2338 hos
470 2289 530 2339 lana
546 2291 630 2350 dedit,
646 2290 691 2339 sed
706 2291 795 2340 olentis
806 2290 885 2340 barba
903 2289 987 2339 mariti
1024 2325 1032 2340 .
1058 2324 1065 2339 .
1092 2322 1100 2338 .
1125 2320 1132 2336 ·
1158 2323 1166 2338 .
1194 2322 1201 2336 .
1287 2328 1295 2353 ,

337 2358 393 2408 Non
411 2372 469 2407 mea
484 2358 607 2424 Massylus
626 2366 709 2409 serrat
723 2361 838 2424 pomaria
856 2373 962 2422 serpens
988 2390 1201 2408 .......

337 2427 395 2476 Non
409 2427 520 2476 mendax
536 2435 624 2491 stupor
641 2433 693 2485 est,
707 2442 754 2476 nec
768 2427 871 2493 fingitur
885 2435 938 2477 arte
954 2425 1044 2477 dolosa
1054 2458 1201 2476 .....
1288 2466 1297 2489 ,

337 2495 393 2545 Non
411 2494 500 2554 miror,
516 2496 584 2561 qnod
598 2502 668 2559 potat
683 2510 775 2557 aquam
792 2504 837 2546 tua
854 2496 945 2555 Bassa,
964 2494 1059 2545 Catulle
1090 2529 1098 2545 .
1125 2527 1132 2542 .
1158 2530 1165 2544 .
1192 2530 1200 2544 .

287 2597 291 2605 -
336 2562 393 2613 Non
409 2564 491 2612 omnis
508 2561 597 2612 laudes
612 2563 769 2628 pretiumque
786 2572 874 2614 aurata
887 2572 998 2615 merctur
1020 2595 1201 2615 ......

336 2629 392 2680 Nun
408 2631 490 2679 omnis
505 2632 585 2680 nostri
600 2638 722 2681 nocturna
739 2639 777 2682 est
788 2634 884 2697 pagiua
899 2632 957 2683 libri
986 2663 1201 2684 .......

336 2698 393 2748 Non
408 2711 456 2762 per
472 2699 578 2763 mystica
591 2713 663 2748 sacra
675 2699 847 2764 Dindymenes
882 2733 1200 2752 ..........
1357 2738 1364 2755 .

336 2766 393 2816 Non
407 2766 511 2830 plenum
526 2767 600 2816 modo
617 2767 714 2818 viciens
729 2768 841 2819 habebas
881 2800 1200 2821 ..........
1223 2770 1226 2777 “
1289 2774 1311 2835 Ι,
1326 2768 1365 2823 Ν.

337 2835 394 2885 Non
413 2842 501 2900 potare
515 2837 613 2895 nivem,
632 2836 678 2885 sed
692 2850 785 2898 aquam
801 2845 890 2902 potare
905 2846 1030 2888 recentem
1054 2872 1061 2887 .
1089 2872 1096 2886 .
1123 2869 1131 2885 ·
1157 2872 1165 2888 .
1192 2873 1200 2897 2
1222 2840 1296 2903 xw,
1310 2840 1365 2893 lta.

335 2902 392 2952 Non
407 2918 580 2967 quemcunque
593 2904 691 2967 iocum,
711 2920 758 2954 uec
772 2906 870 2956 fumum
887 2906 977 2956 caseus
992 2920 1093 2957 omnem
1123 2938 1131 2953 ·
1158 2942 1165 2956 .
1192 2942 1200 2956 .
1239 2910 1310 2971 xlii.
1327 2908 1365 2961 32-

335 2970 392 3021 Non
406 2973 477 3022 rudis
493 2972 596 3022 indocta
611 2973 671 3022 iacit
686 2988 726 3023 me
741 2973 806 3023 falce
819 2975 922 3025 colonus
951 3006 1200 3026 ........
1263 2978 1309 3039 Vl,
1326 2976 1365 3029 π.

337 3039 393 3089 Non
408 3041 470 3090 satis
485 3048 524 3090 cst
540 3055 581 3090 ars
598 3040 738 3092 solaooco:
756 3044 851 3093 servire
868 3043 980 3107 palatum
1021 3079 1051 3111 ,Ι
1054 3075 1200 3093 ·····
1222 3046 1295 3107 XIV,
1309 3044 1366 3099 m

335 3107 392 3158 Non
409 3109 473 3171 sibi,
488 3110 535 3159 sed
553 3110 654 3160 domino
673 3120 778 3161 venatur
791 3119 922 3178 vertragus
940 3104 998 3163 acer
1019 3142 1200 3162 ......
1223 3116 1294 3173 xlv,
1308 3112 1366 3167 m

336 3176 392 3226 Non
406 3178 479 3227 silice
493 3179 555 3227 duro
571 3178 709 3229 structilive
725 3187 855 3230 caemento
886 3214 1095 3231 .......
1101 3182 1130 3228 ’.
1158 3215 1166 3230 .
1192 3216 1200 3231 .
1266 3182 1313 3245 lX,
1326 3182 1366 3237 ib.

335 3244 393 3295 Non
406 3247 456 3295 sim
472 3245 580 3297 talorum
595 3261 700 3298 numeru
716 3263 764 3313 par
776 3256 885 3308 tessera,
902 3250 963 3299 dum
977 3249 1011 3298 sit
1054 3281 1200 3300 .....
1238 3252 1310 3313 XIV,
1326 3250 1365 3303 lb.

336 3313 392 3363 Non
406 3329 464 3364 sum
481 3316 564 3379 crispa
581 3316 697 3378 quidem,
716 3332 763 3366 nec
777 3317 857 3368 silvae
875 3316 927 3367 tilia
941 3318 1063 3368 Maurae.
1089 3352 1097 3366 .
1123 3349 1131 3366 ·
1159 3354 1166 3369 .
1192 3353 1201 3368 ·
1234 3322 1307 3381 XlV,
1320 3318 1362 3373 oo.

335 3381 391 3432 Non
407 3398 463 3433 sum
481 3383 512 3433 de
530 3383 616 3449 fragili
631 3383 730 3434 dolatus
748 3386 817 3434 ulmo
847 3418 1241 3437 ............
1263 3390 1310 3451 Vl,
1321 3386 1362 3443 40,

335 3450 393 3500 Non
406 3465 463 3501 sum
479 3453 510 3502 de
524 3453 620 3516 primo,
639 3452 734 3513 fateor,
748 3453 860 3503 trifolina
876 3455 959 3519 Lyaeo
989 3487 1201 3505 .......
1223 3458 1294 3519 xm,
1306 3458 1362 3511 11⁴.

335 3517 392 3568 Non
410 3527 508 3570 tautum
523 3520 641 3580 calamis,
656 3521 702 3570 sed
717 3530 792 3571 cantu
807 3521 902 3590 fallitur
918 3523 971 3573 alas
986 3557 1200 3575 .......
1222 3526 1294 3591 xlv,
1306 3526 1362 3581 218.

336 3585 393 3635 Non
407 3594 506 3638 tautum
518 3589 587 3653 pullo
607 3589 722 3653 lugentes
739 3590 832 3640 vallare
850 3590 921 3640 lanas
950 3624 1201 3644 ........
1223 3594 1294 3655 XIV,
1309 3596 1362 3649 lb't.

335 3654 393 3704 Non
406 3657 452 3706 tibi
466 3657 498 3706 de
512 3657 616 3724 Libycis
630 3658 730 3707 tuberes
744 3666 770 3707 at
785 3660 889 3724 apyrina
903 3660 980 3709 ramis
1019 3694 1201 3712 ......
1242 3664 1311 3725 xlii,
1321 3664 1361 3715 ta.

334 3721 391 3771 Non
406 3730 443 3774 tot
460 3725 486 3774 in
500 3725 561 3775 Eola
576 3728 661 3776 timuit
675 3725 828 3792 Gangeticus
845 3729 913 3777 arvis
950 3763 1202 3783 ........
1242 3734 1309 3791 Vlll.
1321 3732 1361 3783 bd.

338 3790 394 3843 Nou
407 3798 486 3845 totam
503 3794 581 3857 mihi,
599 3796 622 3847 si
637 3795 749 3861 vacabit,
766 3795 853 3845 horam
885 3831 1202 3851 ..........
1273 3802 1308 3867 V,
1321 3800 1360 3855 w.
