3267 4409
327 550 387 613 132
462 592 464 597 -
646 547 691 611 Μ.
707 547 798 610 VAL.
815 546 1041 609 llIARTIALIS

810 750 876 812 XX.

411 871 520 933 Mutua
533 875 566 929 te
582 875 705 928 centum
720 870 883 945 sestertia,
906 866 1051 947 Phoebe,
1071 872 1192 949 rogauI,

452 957 529 1015 Cum
543 954 618 1013 mihi
634 952 763 1012 dixisses
777 953 897 1030 „exigis
912 970 985 1031 ergo
1001 951 1127 1014 nihil‘3“

409 1040 560 1119 Inquiris,
584 1037 722 1114 dubitas,
744 1037 898 1096 cunctaris
913 1054 1024 1115 meque
1040 1036 1151 1099 diebus
1220 1088 1227 1097 ,

452 1124 561 1203 Teque
577 1121 685 1181 decem
701 1122 835 1181 crucias:
855 1121 916 1179 iam
931 1140 1024 1201 rogo,
1042 1122 1188 1202 Phoebe,
1209 1140 1278 1203 nega

410 1371 599 1450 Perpetuam
614 1365 732 1427 Stellae
748 1364 820 1427 dum
834 1369 933 1447 iungit
946 1368 1087 1430 Ianthida
1101 1366 1163 1431 rati

449 1446 547 1515 Laeta
560 1454 683 1531 Venus,
705 1451 782 1511 dixit
797 1452 892 1530 „Plus
908 1452 982 1513 dare
999 1474 1062 1513 non
1075 1454 1195 1535 potui.“

407 1539 494 1599 Haec
513 1558 615 1599 coram
631 1535 770 1612 domina3
791 1535 848 1595 sed
864 1538 995 1615 nequius
1009 1537 1088 1599 illud
1102 1541 1134 1599 in
1148 1556 1235 1599 aure:

323 1623 335 1649 ’
450 1621 524 1700 „Tu
539 1640 580 1683 ne
596 1621 670 1701 quid
684 1640 807 1701 pecces,
823 1622 964 1699 exitiose,
977 1621 1058 1684 vide.
1078 1644 1081 1649 ·

387 1704 512 1786 5Sacpe
527 1723 584 1784 ego
598 1704 743 1765 lascivom
757 1705 892 1764 Martem
906 1704 1072 1767 furibunda
1086 1705 1202 1785 cecidI,

448 1790 616 1868 Legitimos
634 1796 718 1849 esset
732 1809 800 1849 cum
814 1809 905 1866 vagus
920 1795 991 1850 ante
1005 1797 1102 1851 toros.

408 1873 472 1934 Sed
487 1881 647 1954 postquam
661 1892 747 1933 meus
762 1879 827 1950 est,
847 1872 931 1933 nulla
945 1894 994 1935 me
1009 1873 1123 1957 pellice
1136 1874 1238 1936 laesit:

452 1960 529 2019 'I'am
544 1958 627 2036 frugi
641 1958 715 2018 Iuno
728 1956 827 2017 vellet
841 1958 956 2018 babere
971 1959 1106 2023 Iovem.“

408 2043 510 2120 Dixit,
532 2048 565 2103 ct
580 2063 691 2103 arcano
705 2044 860 2123 percussit
873 2048 1001 2123 pectora
1012 2042 1092 2105 loro.

367 2138 403 2189 10
450 2125 546 2207 Plaga
560 2129 657 2188 iuvat:
678 2126 734 2188 sed
749 2131 784 2187 tu
799 2127 876 2205 iam,
899 2126 975 2207 dea,
996 2146 1091 2210 parce
1106 2133 1170 2189 tuo.

796 2263 890 2324 XXII.

409 2373 500 2449 Quod
514 2377 619 2453 nubis,
640 2376 821 2454 Proculiua,
842 2378 1028 2454 concubiae,

407 2457 449 2517 Et
462 2459 623 2518 moechum
638 2460 747 2537 modo,
769 2480 850 2520 nunc
865 2461 941 2521 facis
955 2462 1117 2540 maritum,

408 2539 521 2601 Nelea
535 2541 609 2602 Iulia
623 2549 655 2602 te
671 2550 780 2604 notare
794 2547 909 2625 possit:

408 2624 476 2684 Nou
491 2628 596 2705 nubis,
618 2627 799 2710 Proculiua,
822 2630 878 2689 sed
896 2630 1014 2690 fateris.
1030 2668 1041 2683 ·.

793 2765 900 2827 XXIII.

408 2875 499 2937 Stare
513 2878 602 2938 iubes
616 2888 755 2942 nostrum
769 2900 893 2961 semper
908 2882 981 2959 tibi,
1003 2881 1133 2960 Lesbia,
1153 2894 1262 2962 penem:

450 2952 553 3021 Crede
566 2965 657 3042 mihi,
677 2986 738 3025 non
753 2973 802 3027 est
816 2965 970 3043 mentula,
992 2963 1074 3044 quod
1089 2963 1209 3045 dIgitus.

412 3042 461 3105 Tu
476 3043 552 3105 licet
568 3056 601 3106 et
614 3052 752 3110 manibus
766 3049 889 3112 blandis
905 3058 937 3110 et
953 3051 1078 3110 vocibus
1092 3052 1203 3128 instes,

450 3129 498 3221 'Ie
514 3139 622 3192 contra
634 3133 731 3195 facies
745 3137 913 3217 imperiosa
930 3142 981 3196 tua
995 3141 1054 3195 est.
1244 3134 1253 3147 '

790 3270 902 3334 XXIV.

407 3376 458 3436 Nil
471 3375 615 3438 lascivius
630 3387 678 3440 est
694 3383 891 3442 Charisiano:

408 3460 621 3522 Saturnalibus
636 3464 768 3524 ambulat
783 3471 913 3544 togatus.

789 3599 887 3662 XXV.

287 3724 289 3729 ¹
407 3705 610 3783 Marcelline,
632 3710 705 3769 boni
720 3710 844 3771 suboles
860 3715 981 3775 sincera
994 3718 1151 3796 parentis,

448 3789 585 3851 IIorrida
601 3793 764 3854 Parrhasio
782 3816 872 3876 quem
891 3804 977 3860 tenet
992 3820 1062 3861 ursa
1077 3802 1165 3881 iugo,
