3267 4409
550 464 892 527 EPIGRAMMATON
904 465 979 530 LIB.
995 468 1047 531 VI.
1098 455 1101 459 ⁴
1262 470 1322 533 141

410 615 484 678 Odit
498 622 531 676 et
544 616 709 695 hibernos,
731 619 757 677 si
773 622 919 697 tepuere,
943 617 1020 683 dies.

343 700 449 780 5Quid
463 702 570 761 fecere
584 699 658 760 mali
671 707 797 761 nostrae
811 703 885 779 tibi,
908 721 1014 782 saeve,
1027 702 1187 784 lacernae,

411 785 539 846 Tollere
554 784 594 845 cle
610 787 742 865 scapulis
757 806 832 865 quas
847 785 925 847 levis
942 808 1015 848 aura
1027 790 1153 867 potest?

368 871 488 948 Quanto
505 869 691 949 simplicius,
714 879 827 950 quanto
843 878 892 931 est
905 872 1065 932 humanius
1079 871 1176 952 illud,

407 955 519 1016 Mense
533 953 583 1014 vel
597 955 735 1033 Augusto
752 974 874 1016 sumere
890 956 1093 1038 gausapinasi

773 1088 838 1152 LX.

324 1264 326 1269 Ι
366 1190 443 1250 Rem
457 1188 569 1248 factam
583 1185 763 1268 Pompullus
777 1190 888 1268 habet,
909 1189 1073 1251 Faustiuc:
1095 1187 1217 1269 legetur

406 1275 449 1334 Et
461 1292 573 1332 nomen
586 1277 652 1331 toto
668 1266 792 1352 sparget
808 1276 841 1333 in
860 1275 935 1334 orbe
949 1293 1044 1335 suum.

367 1358 422 1432 Sic
432 1357 503 1418 leve
516 1358 664 1416 flavorum
678 1357 777 1418 valeat
791 1377 888 1437 genus
903 1358 1083 1438 Usiporum,

408 1442 553 1520 Quisquis
569 1446 601 1500 et
615 1442 783 1500 Ausonium
797 1461 861 1502 nou
875 1449 955 1502 amat
967 1442 1140 1523 imperium.

341 1527 526 1605 alugeuiosa
539 1531 643 1585 tamen
658 1524 814 1605 Pompulli
828 1527 944 1606 scripta
958 1526 1123 1586 feruntur>

407 1610 471 1670 Sed
484 1611 583 1669 famae
597 1629 659 1670 uon
675 1615 723 1669 est
740 1611 816 1689 hoe,
838 1612 913 1671 mihi
931 1609 1042 1689 erede,
1063 1610 1146 1673 satis.

366 1696 462 1773 Quam
475 1694 564 1754 multi
578 1696 677 1754 tineas
692 1702 822 1775 pascunt
833 1694 1007 1774 blattasque
1022 1695 1150 1772 diserti,

333 1818 337 1825 .
405 1781 447 1840 Et
461 1779 617 1840 redimunt
631 1778 690 1838 soli
707 1781 842 1840 carmiua
860 1777 951 1840 docta
965 1781 1047 1840 coel!

364 1866 476 1926 Nescio
493 1863 566 1942 quid
583 1862 653 1944 plus
668 1873 732 1941 est,
755 1863 838 1943 quod
854 1863 947 1923 donat
962 1862 1084 1924 saecula
1100 1862 1231 1924 chartis:

323 1961 358 2012 10
405 1943 551 2013 Victurus
566 1948 699 2009 Genium
713 1946 808 2008 debet
822 1948 939 2009 habere
955 1946 1047 2009 liber.

766 2082 844 2142 LXI.

363 2177 499 2259 Laudat,
521 2187 617 2259 amat,
640 2185 742 2240 cantat
755 2186 880 2241 nostros
893 2198 961 2239 mea
974 2181 1069 2240 Roma
1086 2176 1232 2258 libellos,

405 2264 521 2343 Meque
536 2266 620 2324 sinus
635 2267 748 2343 omnia,
770 2283 819 2324 me
835 2284 940 2325 manus
955 2266 1052 2324 omnis
1066 2265 1169 2325 habet

364 2349 446 2411 Eece
465 2351 558 2409 rubet
573 2347 711 2428 quidam,
730 2347 845 2429 pallet,
868 2355 987 2430 stupet,
1010 2349 1137 2426 oscitat,
1159 2346 1234 2409 odit.

405 2434 473 2493 Hoc
488 2432 575 2493 volo:
597 2452 678 2493 nunc
692 2435 781 2495 nobis
799 2435 933 2495 carmina
947 2440 1054 2495 nostra
1066 2432 1202 2516 placent.

755 2568 846 2634 LXII.

364 2666 475 2726 Amisit
488 2675 578 2747 pater
593 2667 714 2727 unicum
729 2664 874 2727 Salanus:

365 2750 476 2810 Cessas
491 2752 617 2811 mittere
633 2770 775 2829 munera,
798 2750 961 2832 Oppiane‘.l
1036 2788 1040 2799 s

363 2835 449 2912 Heu,
472 2834 599 2895 crudele
614 2835 701 2895 nefas
714 2835 874 2914 malaeque
890 2836 1019 2897 Parcae!

366 2918 460 2979 Cuius
476 2918 605 2981 volturis
618 2920 678 2980 hoc
693 2922 755 2981 erit
770 2919 922 2981 cadaveri
984 2943 987 2947 ·

749 3053 855 3114 LXIII.

366 3152 432 3213 Seis
448 3158 481 3214 te
497 3157 629 3234 captari,
651 3155 712 3213 seis
725 3154 807 3212 hune
824 3153 877 3231 qui
893 3157 1012 3232 captat,
1034 3170 1174 3230 avarum,

405 3238 446 3298 Et
461 3240 521 3298 scis
537 3242 590 3317 qui
603 3244 721 3320 captat,
745 3235 835 3316 quid,
857 3235 1013 3312 Marione,
1036 3234 1120 3298 velit.

296 3317 297 3320 ’
365 3322 415 3382 Τιι
430 3331 532 3383 tamen
544 3325 626 3384 hune
640 3322 755 3383 tabulis
768 3318 933 3405 heredem,
955 3318 1068 3398 stulte,
1090 3320 1241 3401 supremis
1352 3370 1356 3377 .
1372 3338 1377 3347 ’

406 3407 523 3468 Scribis
539 3414 571 3468 et
589 3426 659 3468 esse
673 3414 727 3468 tuo
742 3407 804 3485 vis,
826 3406 962 3483 furiose,
983 3402 1064 3467 loeo.
1139 3404 1156 3447 Ἃ
1183 3472 1188 3481 ,

342 3491 521 3570 5„Munera
535 3511 644 3570 magna
657 3498 761 3552 tamen
775 3490 892 3551 misit.“
922 3488 991 3549 Sed·
1000 3488 1084 3549 misit
1097 3488 1131 3549 in
1141 3484 1248 3561 ham03

405 3577 447 3638 Et
461 3579 647 3657 piscatorem
662 3578 756 3657 piscis
773 3595 875 3636 amare
889 3574 1017 3656 p'otest‘l

364 3661 477 3721 Hicine
493 3661 623 3721 deflebit
637 3680 711 3721 vero
727 3662 857 3722 tueleta
871 3658 1003 3721 dolore?

408 3745 442 3805 Si
456 3748 560 3827 cupis,
578 3751 613 3806 ut
626 3747 745 3827 ploret,
768 3744 840 3825 des,
861 3745 1019 3826 Matiane,
1036 3740 1131 3805 nibil.
