<?xml version="1.0" encoding="UTF-8"?>
<!DOCTYPE html PUBLIC "-//W3C//DTD XHTML 1.0 Transitional//EN"
    "http://www.w3.org/TR/xhtml1/DTD/xhtml1-transitional.dtd">
<html xmlns="http://www.w3.org/1999/xhtml" xml:lang="en" lang="en">
 <head>
  <title>
</title>
<meta http-equiv="Content-Type" content="text/html;charset=utf-8" />
  <meta name='ocr-system' content='tesseract 3.04.00' />
  <meta name='ocr-capabilities' content='ocr_page ocr_carea ocr_par ocr_line ocrx_word'/>
</head>
<body>
  <div class='ocr_page' id='page_1' title='image "./mvalmartialisep00martgoog_0528.png"; bbox 0 0 3267 4409; ppageno 0'>
   <div class='ocr_carea' id='block_1_1' title="bbox 684 484 908 533">
    <p class='ocr_par' dir='ltr' id='par_1_1' title="bbox 684 484 908 533">
     <span class='ocr_line' id='line_1_1' title="bbox 684 484 908 533; baseline 0 0"><span class='ocrx_word' id='word_1_1' title='bbox 684 484 809 533; x_wconf 74' lang='lat' dir='ltr'>SATIRA</span> <span class='ocrx_word' id='word_1_2' title='bbox 831 485 908 533; x_wconf 75' lang='lat'><em>1111.</em></span> 
     </span>
    </p>
   </div>
   <div class='ocr_carea' id='block_1_2' title="bbox 296 619 1293 2129">
    <p class='ocr_par' dir='ltr' id='par_1_2' title="bbox 298 619 1042 702">
     <span class='ocr_line' id='line_1_2' title="bbox 298 619 1042 702; baseline -0.007 -12"><span class='ocrx_word' id='word_1_3' title='bbox 298 622 474 700; x_wconf 76' lang='lat' dir='ltr'>Pacuvium,</span> <span class='ocrx_word' id='word_1_4' title='bbox 500 619 660 702; x_wconf 80' lang='lat' dir='ltr'>quiaillud</span> <span class='ocrx_word' id='word_1_5' title='bbox 683 621 755 682; x_wconf 88' lang='lat' dir='ltr'>ebur</span> <span class='ocrx_word' id='word_1_6' title='bbox 780 622 900 683; x_wconf 88' lang='lat' dir='ltr'>dueatur</span> <span class='ocrx_word' id='word_1_7' title='bbox 920 624 955 684; x_wconf 87' lang='lat' dir='ltr'>ad</span> <span class='ocrx_word' id='word_1_8' title='bbox 977 642 1042 685; x_wconf 88' lang='lat' dir='ltr'>aras</span> 
     </span>
    </p>

    <p class='ocr_par' dir='ltr' id='par_1_3' title="bbox 297 705 1049 782">
     <span class='ocr_line' id='line_1_3' title="bbox 297 705 1049 782; baseline -0.004 -10"><span class='ocrx_word' id='word_1_9' title='bbox 297 710 338 773; x_wconf 77' lang='lat' dir='ltr'>Et</span> <span class='ocrx_word' id='word_1_10' title='bbox 363 706 447 769; x_wconf 86' lang='lat' dir='ltr'>eadat</span> <span class='ocrx_word' id='word_1_11' title='bbox 469 716 535 767; x_wconf 87' lang='lat' dir='ltr'>aute</span> <span class='ocrx_word' id='word_1_12' title='bbox 558 706 646 766; x_wconf 86' lang='lat' dir='ltr'>Lares</span> <span class='ocrx_word' id='word_1_13' title='bbox 671 705 824 782; x_wconf 84' lang='lat' dir='ltr'>Gallittae,</span> <span class='ocrx_word' id='word_1_14' title='bbox 847 709 961 768; x_wconf 85' lang='lat' dir='ltr'>victima</span> <span class='ocrx_word' id='word_1_15' title='bbox 985 709 1049 769; x_wconf 86' lang='lat' dir='ltr'>sola</span> 
     </span>
    </p>

    <p class='ocr_par' dir='ltr' id='par_1_4' title="bbox 298 789 1007 870">
     <span class='ocr_line' id='line_1_4' title="bbox 298 789 1007 870; baseline -0.006 -17"><span class='ocrx_word' id='word_1_16' title='bbox 298 794 403 858; x_wconf 77' lang='lat' dir='ltr'>Tantis</span> <span class='ocrx_word' id='word_1_17' title='bbox 426 791 512 869; x_wconf 70' lang='lat' dir='ltr'>digna</span> <span class='ocrx_word' id='word_1_18' title='bbox 536 789 599 850; x_wconf 87' lang='lat' dir='ltr'>deis</span> <span class='ocrx_word' id='word_1_19' title='bbox 623 799 653 851; x_wconf 90' lang='lat' dir='ltr'>et</span> <span class='ocrx_word' id='word_1_20' title='bbox 675 791 873 870; x_wconf 86' lang='lat' dir='ltr'>captatoribus</span> <span class='ocrx_word' id='word_1_21' title='bbox 896 792 1007 851; x_wconf 89' lang='lat' dir='ltr'>horum.</span> 
     </span>
    </p>

    <p class='ocr_par' dir='ltr' id='par_1_5' title="bbox 298 874 1033 953">
     <span class='ocr_line' id='line_1_5' title="bbox 298 874 1033 953; baseline -0.005 -14"><span class='ocrx_word' id='word_1_22' title='bbox 298 877 387 939; x_wconf 77' lang='lat' dir='ltr'>Aiter</span> <span class='ocrx_word' id='word_1_23' title='bbox 410 877 501 949; x_wconf 88' lang='lat' dir='ltr'>enirn,</span> <span class='ocrx_word' id='word_1_24' title='bbox 525 876 549 935; x_wconf 94' lang='lat' dir='ltr'>si</span> <span class='ocrx_word' id='word_1_25' title='bbox 574 874 719 934; x_wconf 81' lang='lat' dir='ltr'><strong>concedas</strong></span> <span class='ocrx_word' id='word_1_26' title='bbox 742 885 886 953; x_wconf 83' lang='lat' dir='ltr'>mactare,</span> <span class='ocrx_word' id='word_1_27' title='bbox 911 876 1033 936; x_wconf 77' lang='lat' dir='ltr'>vovebit</span> 
     </span>
    </p>

    <p class='ocr_par' dir='ltr' id='par_1_6' title="bbox 298 960 1201 1124">
     <span class='ocr_line' id='line_1_6' title="bbox 298 960 1201 1041; baseline 0 -20"><span class='ocrx_word' id='word_1_28' title='bbox 298 962 346 1025; x_wconf 89' lang='lat' dir='ltr'>De</span> <span class='ocrx_word' id='word_1_29' title='bbox 369 978 463 1039; x_wconf 79' lang='lat' dir='ltr'>grege</span> <span class='ocrx_word' id='word_1_30' title='bbox 484 976 634 1018; x_wconf 86' lang='lat' dir='ltr'>servorum</span> <span class='ocrx_word' id='word_1_31' title='bbox 658 977 759 1035; x_wconf 77' lang='lat' dir='ltr'>magua</span> <span class='ocrx_word' id='word_1_32' title='bbox 784 970 831 1019; x_wconf 90' lang='lat' dir='ltr'>aut</span> <span class='ocrx_word' id='word_1_33' title='bbox 851 960 1046 1038; x_wconf 86' lang='lat' dir='ltr'>pulcherrima</span> <span class='ocrx_word' id='word_1_34' title='bbox 1068 977 1201 1041; x_wconf 86' lang='lat' dir='ltr'>quaeque</span> 
     </span>
     <span class='ocr_line' id='line_1_7' title="bbox 300 1042 1062 1124; baseline -0.003 -17"><span class='ocrx_word' id='word_1_35' title='bbox 300 1044 453 1124; x_wconf 81' lang='lat' dir='ltr'>Corpora,</span> <span class='ocrx_word' id='word_1_36' title='bbox 478 1042 525 1102; x_wconf 87' lang='lat' dir='ltr'>vel</span> <span class='ocrx_word' id='word_1_37' title='bbox 550 1045 649 1122; x_wconf 89' lang='lat' dir='ltr'>pueris</span> <span class='ocrx_word' id='word_1_38' title='bbox 676 1052 705 1102; x_wconf 94' lang='lat' dir='ltr'>et</span> <span class='ocrx_word' id='word_1_39' title='bbox 728 1043 871 1103; x_wconf 80' lang='lat' dir='ltr'>frontibus</span> <span class='ocrx_word' id='word_1_40' title='bbox 893 1045 1062 1105; x_wconf 80' lang='lat' dir='ltr'>ancillarum</span> 
     </span>
    </p>

    <p class='ocr_par' dir='ltr' id='par_1_7' title="bbox 299 1128 1001 1207">
     <span class='ocr_line' id='line_1_8' title="bbox 299 1128 1001 1207; baseline -0.006 -16"><span class='ocrx_word' id='word_1_41' title='bbox 299 1128 383 1207; x_wconf 90' lang='lat' dir='ltr'>Impo</span> <span class='ocrx_word' id='word_1_42' title='bbox 407 1137 436 1187; x_wconf 86' lang='lat' dir='ltr'>et</span> <span class='ocrx_word' id='word_1_43' title='bbox 456 1128 560 1203; x_wconf 85' lang='lat' dir='ltr'>vittas,</span> <span class='ocrx_word' id='word_1_44' title='bbox 586 1136 614 1186; x_wconf 87' lang='lat' dir='ltr'>et</span> <span class='ocrx_word' id='word_1_45' title='bbox 637 1128 661 1185; x_wconf 93' lang='lat' dir='ltr'>si</span> <span class='ocrx_word' id='word_1_46' title='bbox 686 1144 740 1204; x_wconf 86' lang='lat' dir='ltr'>qua</span> <span class='ocrx_word' id='word_1_47' title='bbox 765 1137 810 1186; x_wconf 90' lang='lat' dir='ltr'>est</span> <span class='ocrx_word' id='word_1_48' title='bbox 833 1128 939 1187; x_wconf 89' lang='lat' dir='ltr'>nubilis</span> <span class='ocrx_word' id='word_1_49' title='bbox 959 1128 1001 1187; x_wconf 89' lang='lat' dir='ltr'>ilii</span> 
     </span>
    </p>

    <p class='ocr_par' dir='ltr' id='par_1_8' title="bbox 298 1210 1026 1293">
     <span class='ocr_line' id='line_1_9' title="bbox 298 1210 1026 1293; baseline -0.004 -18"><span class='ocrx_word' id='word_1_50' title='bbox 298 1212 364 1293; x_wconf 87' lang='lat' dir='ltr'>Iphi</span> <span class='ocrx_word' id='word_1_51' title='bbox 389 1212 451 1271; x_wconf 87' lang='lat' dir='ltr'>enia</span> <span class='ocrx_word' id='word_1_52' title='bbox 479 1210 571 1287; x_wconf 89' lang='lat' dir='ltr'>domi,</span> <span class='ocrx_word' id='word_1_53' title='bbox 595 1210 673 1270; x_wconf 84' lang='lat' dir='ltr'>dabit</span> <span class='ocrx_word' id='word_1_54' title='bbox 697 1211 769 1269; x_wconf 88' lang='lat' dir='ltr'>haue</span> <span class='ocrx_word' id='word_1_55' title='bbox 790 1210 947 1287; x_wconf 85' lang='lat' dir='ltr'>altaribus,</span> <span class='ocrx_word' id='word_1_56' title='bbox 971 1213 1026 1272; x_wconf 86' lang='lat' dir='ltr'>etsi</span> 
     </span>
    </p>

    <p class='ocr_par' dir='ltr' id='par_1_9' title="bbox 298 1294 1292 1457">
     <span class='ocr_line' id='line_1_10' title="bbox 298 1294 1292 1374; baseline -0.002 -17"><span class='ocrx_word' id='word_1_57' title='bbox 298 1296 367 1358; x_wconf 86' lang='lat' dir='ltr'>Non</span> <span class='ocrx_word' id='word_1_58' title='bbox 390 1302 489 1374; x_wconf 87' lang='lat' dir='ltr'>sperat</span> <span class='ocrx_word' id='word_1_59' title='bbox 513 1296 642 1371; x_wconf 75' lang='lat' dir='ltr'>tragicae</span> <span class='ocrx_word' id='word_1_60' title='bbox 667 1294 771 1354; x_wconf 82' lang='lat' dir='ltr'>furtiva</span> <span class='ocrx_word' id='word_1_61' title='bbox 799 1296 912 1372; x_wconf 85' lang='lat' dir='ltr'>piacula</span> <span class='ocrx_word' id='word_1_62' title='bbox 936 1304 1052 1355; x_wconf 80' lang='lat' dir='ltr'>cervae.</span> <span class='ocrx_word' id='word_1_63' title='bbox 1242 1310 1292 1361; x_wconf 71' lang='lat'>120</span> 
     </span>
     <span class='ocr_line' id='line_1_11' title="bbox 298 1378 1086 1457; baseline -0.003 -15"><span class='ocrx_word' id='word_1_64' title='bbox 298 1378 400 1443; x_wconf 78' lang='lat' dir='ltr'>Laudo</span> <span class='ocrx_word' id='word_1_65' title='bbox 424 1396 518 1439; x_wconf 87' lang='lat' dir='ltr'>meum</span> <span class='ocrx_word' id='word_1_66' title='bbox 540 1381 650 1453; x_wconf 88' lang='lat' dir='ltr'>eirern,</span> <span class='ocrx_word' id='word_1_67' title='bbox 675 1396 730 1438; x_wconf 88' lang='lat' dir='ltr'>nee</span> <span class='ocrx_word' id='word_1_68' title='bbox 752 1395 890 1457; x_wconf 87' lang='lat' dir='ltr'>eourparo</span> <span class='ocrx_word' id='word_1_69' title='bbox 913 1389 1086 1440; x_wconf 88' lang='lat' dir='ltr'>testamento</span> 
     </span>
    </p>

    <p class='ocr_par' dir='ltr' id='par_1_10' title="bbox 298 1462 1083 1543">
     <span class='ocr_line' id='line_1_12' title="bbox 298 1462 1083 1543; baseline 0 -18"><span class='ocrx_word' id='word_1_70' title='bbox 298 1464 383 1527; x_wconf 82' lang='lat' dir='ltr'>IIille</span> <span class='ocrx_word' id='word_1_71' title='bbox 406 1471 500 1531; x_wconf 75' lang='lat' dir='ltr'>rates:</span> <span class='ocrx_word' id='word_1_72' title='bbox 527 1480 589 1522; x_wconf 89' lang='lat' dir='ltr'>narn</span> <span class='ocrx_word' id='word_1_73' title='bbox 613 1464 637 1521; x_wconf 90' lang='lat' dir='ltr'>si</span> <span class='ocrx_word' id='word_1_74' title='bbox 661 1462 809 1522; x_wconf 87' lang='lat' dir='ltr'>Libitinam</span> <span class='ocrx_word' id='word_1_75' title='bbox 833 1466 959 1522; x_wconf 78' lang='lat' dir='ltr'><strong>evaserit</strong></span> <span class='ocrx_word' id='word_1_76' title='bbox 983 1482 1083 1543; x_wconf 85' lang='lat' dir='ltr'>aeger,</span> 
     </span>
    </p>

    <p class='ocr_par' dir='ltr' id='par_1_11' title="bbox 298 1546 1010 1624">
     <span class='ocr_line' id='line_1_13' title="bbox 298 1546 1010 1624; baseline -0.006 -13"><span class='ocrx_word' id='word_1_77' title='bbox 298 1546 424 1611; x_wconf 81' lang='lat' dir='ltr'>Iielebit</span> <span class='ocrx_word' id='word_1_78' title='bbox 447 1546 575 1622; x_wconf 85' lang='lat' dir='ltr'>tabutas,</span> <span class='ocrx_word' id='word_1_79' title='bbox 600 1546 728 1606; x_wconf 88' lang='lat' dir='ltr'>inclusus</span> <span class='ocrx_word' id='word_1_80' title='bbox 750 1564 872 1607; x_wconf 87' lang='lat' dir='ltr'>earcere</span> <span class='ocrx_word' id='word_1_81' title='bbox 895 1566 1010 1624; x_wconf 88' lang='lat' dir='ltr'>nassae,</span> 
     </span>
    </p>

    <p class='ocr_par' dir='ltr' id='par_1_12' title="bbox 297 1632 1124 1710">
     <span class='ocr_line' id='line_1_14' title="bbox 297 1632 1124 1710; baseline 0 -17"><span class='ocrx_word' id='word_1_82' title='bbox 297 1632 372 1693; x_wconf 84' lang='lat' dir='ltr'><strong>Post</strong></span> <span class='ocrx_word' id='word_1_83' title='bbox 397 1632 527 1690; x_wconf 82' lang='lat' dir='ltr'>meritura</span> <span class='ocrx_word' id='word_1_84' title='bbox 551 1648 620 1690; x_wconf 87' lang='lat' dir='ltr'>saue</span> <span class='ocrx_word' id='word_1_85' title='bbox 643 1632 816 1707; x_wconf 80' lang='lat' dir='ltr'>mirandum,</span> <span class='ocrx_word' id='word_1_86' title='bbox 842 1640 929 1710; x_wconf 88' lang='lat' dir='ltr'>atque</span> <span class='ocrx_word' id='word_1_87' title='bbox 954 1634 1047 1693; x_wconf 88' lang='lat' dir='ltr'>omnia</span> <span class='ocrx_word' id='word_1_88' title='bbox 1068 1634 1124 1693; x_wconf 88' lang='lat' dir='ltr'>soli</span> 
     </span>
    </p>

    <p class='ocr_par' dir='ltr' id='par_1_13' title="bbox 296 1714 1293 1879">
     <span class='ocr_line' id='line_1_15' title="bbox 297 1714 1293 1795; baseline 0.001 -17"><span class='ocrx_word' id='word_1_89' title='bbox 297 1716 415 1779; x_wconf 79' lang='lat' dir='ltr'>Forsan</span> <span class='ocrx_word' id='word_1_90' title='bbox 439 1714 564 1774; x_wconf 82' lang='lat' dir='ltr'>Pacuvio</span> <span class='ocrx_word' id='word_1_91' title='bbox 586 1714 716 1774; x_wconf 86' lang='lat' dir='ltr'>breviter</span> <span class='ocrx_word' id='word_1_92' title='bbox 739 1714 835 1791; x_wconf 88' lang='lat' dir='ltr'>dabit,</span> <span class='ocrx_word' id='word_1_93' title='bbox 859 1716 909 1775; x_wconf 91' lang='lat' dir='ltr'>iile</span> <span class='ocrx_word' id='word_1_94' title='bbox 936 1717 1081 1795; x_wconf 89' lang='lat' dir='ltr'>superbus</span> <span class='ocrx_word' id='word_1_95' title='bbox 1246 1728 1293 1781; x_wconf 71' lang='lat' dir='ltr'>lte</span> 
     </span>
     <span class='ocr_line' id='line_1_16' title="bbox 296 1798 1038 1879; baseline -0.004 -16"><span class='ocrx_word' id='word_1_96' title='bbox 296 1799 424 1863; x_wconf 82' lang='lat' dir='ltr'>Incedet</span> <span class='ocrx_word' id='word_1_97' title='bbox 445 1799 529 1857; x_wconf 87' lang='lat' dir='ltr'>vietis</span> <span class='ocrx_word' id='word_1_98' title='bbox 552 1799 699 1858; x_wconf 87' lang='lat' dir='ltr'>riualibus.</span> <span class='ocrx_word' id='word_1_99' title='bbox 744 1798 824 1874; x_wconf 79' lang='lat' dir='ltr'>Ergo</span> <span class='ocrx_word' id='word_1_100' title='bbox 847 1800 929 1860; x_wconf 85' lang='lat' dir='ltr'>vides</span> <span class='ocrx_word' id='word_1_101' title='bbox 953 1819 1038 1879; x_wconf 88' lang='lat' dir='ltr'>quam</span> 
     </span>
    </p>

    <p class='ocr_par' dir='ltr' id='par_1_14' title="bbox 298 1883 1128 1969">
     <span class='ocr_line' id='line_1_17' title="bbox 298 1883 1128 1969; baseline -0.004 -24"><span class='ocrx_word' id='word_1_102' title='bbox 298 1883 420 1947; x_wconf 78' lang='lat' dir='ltr'><strong>Grande</strong></span> <span class='ocrx_word' id='word_1_103' title='bbox 444 1899 555 1969; x_wconf 78' lang='lat' dir='ltr'>operae</span> <span class='ocrx_word' id='word_1_104' title='bbox 580 1884 702 1961; x_wconf 88' lang='lat' dir='ltr'>pretium</span> <span class='ocrx_word' id='word_1_105' title='bbox 728 1883 814 1942; x_wconf 83' lang='lat' dir='ltr'>faeiat</span> <span class='ocrx_word' id='word_1_106' title='bbox 838 1884 965 1959; x_wconf 85' lang='lat' dir='ltr'>iugulata</span> <span class='ocrx_word' id='word_1_107' title='bbox 988 1884 1128 1959; x_wconf 74' lang='lat' dir='ltr'>Mycenis.</span> 
     </span>
    </p>

    <p class='ocr_par' dir='ltr' id='par_1_15' title="bbox 296 1965 1181 2129">
     <span class='ocr_line' id='line_1_18' title="bbox 296 1965 1181 2045; baseline -0.007 -16"><span class='ocrx_word' id='word_1_108' title='bbox 296 1969 391 2030; x_wconf 78' lang='lat' dir='ltr'>Vivat</span> <span class='ocrx_word' id='word_1_109' title='bbox 413 1965 570 2042; x_wconf 84' lang='lat' dir='ltr'>Pacuvius,</span> <span class='ocrx_word' id='word_1_110' title='bbox 598 1984 725 2045; x_wconf 84' lang='lat' dir='ltr'>quaeso,</span> <span class='ocrx_word' id='word_1_111' title='bbox 747 1968 796 2026; x_wconf 89' lang='lat' dir='ltr'>vei</span> <span class='ocrx_word' id='word_1_112' title='bbox 820 1966 945 2028; x_wconf 80' lang='lat' dir='ltr'>Nestora</span> <span class='ocrx_word' id='word_1_113' title='bbox 970 1976 1073 2036; x_wconf 89' lang='lat' dir='ltr'>totum;</span> <span class='ocrx_word' id='word_1_114' title='bbox 1172 2012 1181 2023; x_wconf 89' lang='lat'>.</span> 
     </span>
     <span class='ocr_line' id='line_1_19' title="bbox 297 2050 1158 2129; baseline -0.005 -15"><span class='ocrx_word' id='word_1_115' title='bbox 297 2050 474 2126; x_wconf 76' lang='lat' dir='ltr'>Possideat,</span> <span class='ocrx_word' id='word_1_116' title='bbox 500 2060 634 2129; x_wconf 85' lang='lat' dir='ltr'>quantana</span> <span class='ocrx_word' id='word_1_117' title='bbox 657 2052 750 2129; x_wconf 83' lang='lat' dir='ltr'>rapuit</span> <span class='ocrx_word' id='word_1_118' title='bbox 775 2050 871 2120; x_wconf 79' lang='lat' dir='ltr'>Ner03</span> <span class='ocrx_word' id='word_1_119' title='bbox 895 2052 1037 2111; x_wconf 88' lang='lat' dir='ltr'>montibus</span> <span class='ocrx_word' id='word_1_120' title='bbox 1061 2070 1158 2111; x_wconf 83' lang='lat' dir='ltr'>aruum</span> 
     </span>
    </p>
   </div>
   <div class='ocr_carea' id='block_1_3' title="bbox 297 2132 1293 2245">
    <p class='ocr_par' dir='ltr' id='par_1_16' title="bbox 297 2132 1293 2245">
     <span class='ocr_line' id='line_1_20' title="bbox 297 2132 1293 2245; baseline 0.001 -47"><span class='ocrx_word' id='word_1_121' title='bbox 297 2136 474 2214; x_wconf 82' lang='lat' dir='ltr'>Exsequet;</span> <span class='ocrx_word' id='word_1_122' title='bbox 496 2153 551 2196; x_wconf 90' lang='lat' dir='ltr'>reo</span> <span class='ocrx_word' id='word_1_123' title='bbox 568 2144 645 2195; x_wconf 87' lang='lat' dir='ltr'>amet</span> <span class='ocrx_word' id='word_1_124' title='bbox 664 2132 855 2214; x_wconf 67' lang='lat' dir='ltr'>quemquam,</span> <span class='ocrx_word' id='word_1_125' title='bbox 874 2155 930 2197; x_wconf 87' lang='lat' dir='ltr'>neo</span> <span class='ocrx_word' id='word_1_126' title='bbox 947 2145 1057 2245; x_wconf 79' lang='lat' dir='ltr'>apaetur</span> <span class='ocrx_word' id='word_1_127' title='bbox 1074 2136 1109 2197; x_wconf 88' lang='lat' dir='ltr'>ab</span> <span class='ocrx_word' id='word_1_128' title='bbox 1132 2136 1209 2196; x_wconf 89' lang='lat' dir='ltr'>ullo!</span> <span class='ocrx_word' id='word_1_129' title='bbox 1245 2145 1293 2199; x_wconf 82' lang='lat'>130</span> 
     </span>
    </p>
   </div>
   <div class='ocr_carea' id='block_1_4' title="bbox 652 2373 949 2385">
    <p class='ocr_par' dir='ltr' id='par_1_17' title="bbox 652 2373 949 2385">
     <span class='ocr_line' id='line_1_21' title="bbox 652 2373 949 2385; baseline 0.01 -3"><span class='ocrx_word' id='word_1_130' title='bbox 652 2373 949 2385; x_wconf 76' lang='lat'>--—-—-—-——.—......</span> 
     </span>
    </p>
   </div>
   <div class='ocr_carea' id='block_1_5' title="bbox 587 2576 1017 2834">
    <p class='ocr_par' dir='ltr' id='par_1_18' title="bbox 587 2576 1017 2834">
     <span class='ocr_line' id='line_1_22' title="bbox 587 2576 1017 2675; baseline 0.005 -6"><span class='ocrx_word' id='word_1_131' title='bbox 587 2577 628 2669; x_wconf 90' lang='lat' dir='ltr'>o.</span> <span class='ocrx_word' id='word_1_132' title='bbox 657 2576 765 2674; x_wconf 81' lang='lat' dir='ltr'>uuir</span> <span class='ocrx_word' id='word_1_133' title='bbox 791 2576 1017 2675; x_wconf 75' lang='lat' dir='ltr'>{tuturis</span> 
     </span>
     <span class='ocr_line' id='line_1_23' title="bbox 649 2756 894 2834; baseline 0.004 -11"><span class='ocrx_word' id='word_1_134' title='bbox 649 2760 653 2765; x_wconf 93' lang='lat'>·</span> <span class='ocrx_word' id='word_1_135' title='bbox 712 2756 894 2834; x_wconf 82' lang='lat' dir='ltr'>roururus</span> 
     </span>
    </p>
   </div>
   <div class='ocr_carea' id='block_1_6' title="bbox 477 2889 1126 3002">
    <p class='ocr_par' dir='ltr' id='par_1_19' title="bbox 477 2889 1126 3002">
     <span class='ocr_line' id='line_1_24' title="bbox 477 2889 1126 3002; baseline -0.003 -1"><span class='ocrx_word' id='word_1_136' title='bbox 477 2889 1126 3002; x_wconf 77' lang='lat' dir='ltr'>surluuutiu</span> 
     </span>
    </p>
   </div>
   <div class='ocr_carea' id='block_1_7' title="bbox 657 3056 1075 3146">
    <p class='ocr_par' dir='ltr' id='par_1_20' title="bbox 657 3056 1075 3146">
     <span class='ocr_line' id='line_1_25' title="bbox 657 3056 1075 3146; baseline 0.01 -13"><span class='ocrx_word' id='word_1_137' title='bbox 657 3069 759 3134; x_wconf 80' lang='lat' dir='ltr'>arara</span> <span class='ocrx_word' id='word_1_138' title='bbox 785 3068 937 3146; x_wconf 79' lang='lat' dir='ltr'>orsurus.</span> <span class='ocrx_word' id='word_1_139' title='bbox 1053 3056 1075 3095; x_wconf 73' lang='lat'>⁶</span> 
     </span>
    </p>
   </div>
   <div class='ocr_carea' id='block_1_8' title="bbox 709 3239 886 3251">
    <p class='ocr_par' dir='ltr' id='par_1_21' title="bbox 709 3239 886 3251">
     <span class='ocr_line' id='line_1_26' title="bbox 709 3239 886 3251; baseline 0 -2"><span class='ocrx_word' id='word_1_140' title='bbox 709 3239 886 3251; x_wconf 59' lang='lat' dir='ltr'><em>m</em></span> 
     </span>
    </p>
   </div>
   <div class='ocr_carea' id='block_1_9' title="bbox 617 3342 982 3408">
    <p class='ocr_par' dir='ltr' id='par_1_22' title="bbox 617 3342 982 3408">
     <span class='ocr_line' id='line_1_27' title="bbox 617 3342 982 3408; baseline -0.008 0"><span class='ocrx_word' id='word_1_141' title='bbox 617 3342 851 3408; x_wconf 84' lang='lat' dir='ltr'>SATIRA</span> <span class='ocrx_word' id='word_1_142' title='bbox 885 3342 982 3406; x_wconf 88' lang='lat' dir='ltr'>XIII.</span> 
     </span>
    </p>
   </div>
   <div class='ocr_carea' id='block_1_10' title="bbox 246 3438 1284 3872">
    <p class='ocr_par' dir='ltr' id='par_1_23' title="bbox 246 3438 1284 3872">
     <span class='ocr_line' id='line_1_28' title="bbox 246 3438 1086 3561; baseline -0.004 -27"><span class='ocrx_word' id='word_1_143' title='bbox 246 3438 249 3561; x_wconf 60' lang='lat' dir='ltr'>i</span> <span class='ocrx_word' id='word_1_144' title='bbox 298 3440 458 3551; x_wconf 70' lang='lat' dir='ltr'>Exemplo</span> <span class='ocrx_word' id='word_1_145' title='bbox 484 3473 686 3552; x_wconf 84' lang='lat' dir='ltr'>quodcumque</span> <span class='ocrx_word' id='word_1_146' title='bbox 709 3473 784 3533; x_wconf 87' lang='lat' dir='ltr'>maia</span> <span class='ocrx_word' id='word_1_147' title='bbox 809 3474 1009 3548; x_wconf 82' lang='lat' dir='ltr'>committitur,</span> <span class='ocrx_word' id='word_1_148' title='bbox 1031 3475 1086 3552; x_wconf 88' lang='lat' dir='ltr'>ipsi</span> 
     </span>
     <span class='ocr_line' id='line_1_29' title="bbox 298 3555 1176 3637; baseline -0.008 -14"><span class='ocrx_word' id='word_1_149' title='bbox 298 3557 454 3637; x_wconf 81' lang='lat' dir='ltr'>Displicet</span> <span class='ocrx_word' id='word_1_150' title='bbox 477 3559 599 3617; x_wconf 84' lang='lat' dir='ltr'>auctori.</span> <span class='ocrx_word' id='word_1_151' title='bbox 646 3559 738 3618; x_wconf 88' lang='lat' dir='ltr'>Prirua</span> <span class='ocrx_word' id='word_1_152' title='bbox 767 3566 813 3617; x_wconf 88' lang='lat' dir='ltr'>est</span> <span class='ocrx_word' id='word_1_153' title='bbox 834 3558 908 3617; x_wconf 87' lang='lat' dir='ltr'>haee</span> <span class='ocrx_word' id='word_1_154' title='bbox 930 3555 1019 3633; x_wconf 91' lang='lat' dir='ltr'>ultio,</span> <span class='ocrx_word' id='word_1_155' title='bbox 1044 3557 1120 3635; x_wconf 87' lang='lat' dir='ltr'>quod</span> <span class='ocrx_word' id='word_1_156' title='bbox 1142 3574 1176 3616; x_wconf 87' lang='lat' dir='ltr'>se</span> 
     </span>
     <span class='ocr_line' id='line_1_30' title="bbox 298 3639 1161 3720; baseline -0.007 -14"><span class='ocrx_word' id='word_1_157' title='bbox 298 3644 406 3705; x_wconf 87' lang='lat' dir='ltr'>Iudice</span> <span class='ocrx_word' id='word_1_158' title='bbox 428 3656 514 3699; x_wconf 86' lang='lat' dir='ltr'>uerno</span> <span class='ocrx_word' id='word_1_159' title='bbox 537 3658 647 3701; x_wconf 84' lang='lat' dir='ltr'>nocens</span> <span class='ocrx_word' id='word_1_160' title='bbox 675 3641 848 3717; x_wconf 88' lang='lat' dir='ltr'>absolvitur,</span> <span class='ocrx_word' id='word_1_161' title='bbox 874 3639 1006 3719; x_wconf 87' lang='lat' dir='ltr'>improba</span> <span class='ocrx_word' id='word_1_162' title='bbox 1030 3642 1161 3720; x_wconf 84' lang='lat' dir='ltr'>quamvis</span> 
     </span>
     <span class='ocr_line' id='line_1_31' title="bbox 303 3723 1284 3803; baseline -0.006 -14"><span class='ocrx_word' id='word_1_163' title='bbox 303 3726 406 3789; x_wconf 81' lang='lat' dir='ltr'>Gratia</span> <span class='ocrx_word' id='word_1_164' title='bbox 430 3723 528 3784; x_wconf 82' lang='lat' dir='ltr'>ialiaei</span> <span class='ocrx_word' id='word_1_165' title='bbox 550 3726 694 3803; x_wconf 87' lang='lat' dir='ltr'>praetoris</span> <span class='ocrx_word' id='word_1_166' title='bbox 715 3726 820 3801; x_wconf 78' lang='lat' dir='ltr'>vicerit</span> <span class='ocrx_word' id='word_1_167' title='bbox 842 3742 920 3787; x_wconf 79' lang='lat' dir='ltr'>ursa.</span> <span class='ocrx_word' id='word_1_168' title='bbox 965 3742 971 3752; x_wconf 86' lang='lat'><strong>·</strong></span> <span class='ocrx_word' id='word_1_169' title='bbox 1281 3729 1284 3734; x_wconf 88' lang='lat'>&#39;</span> 
     </span>
     <span class='ocr_line' id='line_1_32' title="bbox 1051 3807 1091 3872; baseline 0 -29"><span class='ocrx_word' id='word_1_170' title='bbox 1051 3807 1091 3872; x_wconf 63' lang='grc' dir='ltr'>ὃ*</span> 
     </span>
    </p>
   </div>
   <div class='ocr_carea' id='block_1_11' title="bbox 0 0 1638 4409">
    <p class='ocr_par' dir='ltr' id='par_1_24' title="bbox 0 0 1638 4409">
     <span class='ocr_line' id='line_1_33' title="bbox 0 0 1638 4409; baseline 0 0"><span class='ocrx_word' id='word_1_171' title='bbox 0 0 1638 4409; x_wconf 95' lang='lat' dir='ltr'> </span> 
     </span>
    </p>
   </div>
  </div>
 </body>
</html>
