<?xml version="1.0" encoding="UTF-8"?>
<!DOCTYPE html PUBLIC "-//W3C//DTD XHTML 1.0 Transitional//EN"
    "http://www.w3.org/TR/xhtml1/DTD/xhtml1-transitional.dtd">
<html xmlns="http://www.w3.org/1999/xhtml" xml:lang="en" lang="en">
 <head>
  <title>
</title>
<meta http-equiv="Content-Type" content="text/html;charset=utf-8" />
  <meta name='ocr-system' content='tesseract 3.04.00' />
  <meta name='ocr-capabilities' content='ocr_page ocr_carea ocr_par ocr_line ocrx_word'/>
</head>
<body>
  <div class='ocr_page' id='page_1' title='image "./mvalmartialisep00martgoog_0041.png"; bbox 0 0 3267 4409; ppageno 0'>
   <div class='ocr_carea' id='block_1_1' title="bbox 572 447 1034 517">
    <p class='ocr_par' dir='ltr' id='par_1_1' title="bbox 572 447 1034 517">
     <span class='ocr_line' id='line_1_1' title="bbox 572 447 1034 517; baseline 0.017 -9"><span class='ocrx_word' id='word_1_1' title='bbox 572 447 913 514; x_wconf 80' lang='lat' dir='ltr'>EPIGRAMMATON.</span> <span class='ocrx_word' id='word_1_2' title='bbox 922 452 998 517; x_wconf 89' lang='lat' dir='ltr'>LIB.</span> <span class='ocrx_word' id='word_1_3' title='bbox 1013 454 1034 516; x_wconf 91' lang='grc' dir='ltr'><strong>Ι.</strong></span> 
     </span>
    </p>
   </div>
   <div class='ocr_carea' id='block_1_2' title="bbox 343 600 1157 934">
    <p class='ocr_par' dir='ltr' id='par_1_2' title="bbox 343 600 1153 767">
     <span class='ocr_line' id='line_1_2' title="bbox 343 600 1153 667; baseline 0.006 -5"><span class='ocrx_word' id='word_1_4' title='bbox 343 602 449 662; x_wconf 82' lang='lat' dir='ltr'><strong>5Ante</strong></span> <span class='ocrx_word' id='word_1_5' title='bbox 462 600 551 661; x_wconf 83' lang='lat' dir='ltr'><strong>fores</strong></span> <span class='ocrx_word' id='word_1_6' title='bbox 566 607 699 662; x_wconf 84' lang='lat' dir='ltr'><strong>stantem</strong></span> <span class='ocrx_word' id='word_1_7' title='bbox 714 600 835 663; x_wconf 80' lang='lat' dir='ltr'><strong>dubitas</strong></span> <span class='ocrx_word' id='word_1_8' title='bbox 852 602 1015 665; x_wconf 82' lang='lat' dir='ltr'><strong>admittere</strong></span> <span class='ocrx_word' id='word_1_9' title='bbox 1030 607 1153 667; x_wconf 81' lang='lat' dir='ltr'><strong>Famam</strong></span> 
     </span>
     <span class='ocr_line' id='line_1_3' title="bbox 408 685 1126 767; baseline 0.008 -23"><span class='ocrx_word' id='word_1_10' title='bbox 408 685 520 764; x_wconf 85' lang='lat' dir='ltr'><strong>Teque</strong></span> <span class='ocrx_word' id='word_1_11' title='bbox 537 686 626 765; x_wconf 82' lang='lat' dir='ltr'><strong>piget</strong></span> <span class='ocrx_word' id='word_1_12' title='bbox 643 705 735 746; x_wconf 85' lang='lat' dir='ltr'><strong>curae</strong></span> <span class='ocrx_word' id='word_1_13' title='bbox 748 689 887 766; x_wconf 89' lang='lat' dir='ltr'><strong>praemia</strong></span> <span class='ocrx_word' id='word_1_14' title='bbox 899 687 986 748; x_wconf 90' lang='lat' dir='ltr'><strong>ferre</strong></span> <span class='ocrx_word' id='word_1_15' title='bbox 1001 691 1096 750; x_wconf 76' lang='lat' dir='ltr'><strong>tuae?</strong></span> <span class='ocrx_word' id='word_1_16' title='bbox 1124 762 1126 767; x_wconf 14' lang='lat' dir='ltr'>y</span> 
     </span>
    </p>

    <p class='ocr_par' dir='ltr' id='par_1_3' title="bbox 362 769 1157 934">
     <span class='ocr_line' id='line_1_4' title="bbox 362 769 1157 849; baseline 0.009 -20"><span class='ocrx_word' id='word_1_17' title='bbox 362 769 441 829; x_wconf 88' lang='lat' dir='ltr'><strong>Post</strong></span> <span class='ocrx_word' id='word_1_18' title='bbox 453 775 488 827; x_wconf 90' lang='lat' dir='ltr'><strong>te</strong></span> <span class='ocrx_word' id='word_1_19' title='bbox 503 769 644 829; x_wconf 74' lang='lat' dir='ltr'><strong>victurae</strong></span> <span class='ocrx_word' id='word_1_20' title='bbox 657 787 715 849; x_wconf 86' lang='lat' dir='ltr'><strong>per</strong></span> <span class='ocrx_word' id='word_1_21' title='bbox 728 776 761 828; x_wconf 89' lang='lat' dir='ltr'><strong>te</strong></span> <span class='ocrx_word' id='word_1_22' title='bbox 777 789 898 849; x_wconf 86' lang='lat' dir='ltr'><strong>quoque</strong></span> <span class='ocrx_word' id='word_1_23' title='bbox 912 773 1017 833; x_wconf 84' lang='lat' dir='ltr'><strong>vivere</strong></span> <span class='ocrx_word' id='word_1_24' title='bbox 1033 774 1157 836; x_wconf 88' lang='lat' dir='ltr'><strong>chartae</strong></span> 
     </span>
     <span class='ocr_line' id='line_1_5' title="bbox 407 852 1006 934; baseline 0.007 -22"><span class='ocrx_word' id='word_1_25' title='bbox 407 852 577 934; x_wconf 77' lang='lat' dir='ltr'><strong>Incipiunt:</strong></span> <span class='ocrx_word' id='word_1_26' title='bbox 599 853 698 913; x_wconf 87' lang='lat' dir='ltr'><strong>cineri</strong></span> <span class='ocrx_word' id='word_1_27' title='bbox 713 852 814 932; x_wconf 79' lang='lat' dir='ltr'><strong>gloria</strong></span> <span class='ocrx_word' id='word_1_28' title='bbox 829 873 899 914; x_wconf 89' lang='lat' dir='ltr'><strong>sera</strong></span> <span class='ocrx_word' id='word_1_29' title='bbox 912 858 1006 917; x_wconf 86' lang='lat' dir='ltr'><strong>veuit.</strong></span> 
     </span>
    </p>
   </div>
   <div class='ocr_carea' id='block_1_3' title="bbox 323 1058 1130 1901">
    <p class='ocr_par' dir='ltr' id='par_1_4' title="bbox 323 1058 1130 1901">
     <span class='ocr_line' id='line_1_6' title="bbox 364 1058 1130 1153; baseline 0.004 -29"><span class='ocrx_word' id='word_1_30' title='bbox 364 1058 558 1141; x_wconf 86' lang='lat' dir='ltr'><strong>Sextiliane,</strong></span> <span class='ocrx_word' id='word_1_31' title='bbox 579 1062 660 1123; x_wconf 88' lang='lat' dir='ltr'><strong>bibis</strong></span> <span class='ocrx_word' id='word_1_32' title='bbox 675 1063 980 1142; x_wconf 87' lang='lat' dir='ltr'><strong>quantum-subsellia</strong></span> <span class='ocrx_word' id='word_1_33' title='bbox 995 1068 1130 1153; x_wconf 78' lang='lat' dir='ltr'><strong>quiaque</strong></span> 
     </span>
     <span class='ocr_line' id='line_1_7' title="bbox 408 1145 1072 1230; baseline 0.008 -23"><span class='ocrx_word' id='word_1_34' title='bbox 408 1145 521 1207; x_wconf 85' lang='lat' dir='ltr'><strong>Solus:</strong></span> <span class='ocrx_word' id='word_1_35' title='bbox 541 1148 747 1228; x_wconf 84' lang='lat' dir='ltr'><strong>aquatotieus</strong></span> <span class='ocrx_word' id='word_1_36' title='bbox 762 1148 867 1207; x_wconf 87' lang='lat' dir='ltr'><strong>ebrius</strong></span> <span class='ocrx_word' id='word_1_37' title='bbox 883 1148 951 1208; x_wconf 90' lang='lat' dir='ltr'><strong>esse</strong></span> <span class='ocrx_word' id='word_1_38' title='bbox 966 1162 1072 1230; x_wconf 87' lang='lat' dir='ltr'><strong>potes;</strong></span> 
     </span>
     <span class='ocr_line' id='line_1_8' title="bbox 360 1230 1114 1316; baseline 0.008 -25"><span class='ocrx_word' id='word_1_39' title='bbox 360 1230 430 1294; x_wconf 79' lang='lat' dir='ltr'><strong>Nec</strong></span> <span class='ocrx_word' id='word_1_40' title='bbox 444 1248 662 1291; x_wconf 87' lang='lat' dir='ltr'><strong>consessorum</strong></span> <span class='ocrx_word' id='word_1_41' title='bbox 677 1230 776 1290; x_wconf 87' lang='lat' dir='ltr'><strong>vicina</strong></span> <span class='ocrx_word' id='word_1_42' title='bbox 789 1233 969 1293; x_wconf 86' lang='lat' dir='ltr'><strong>nomismata</strong></span> <span class='ocrx_word' id='word_1_43' title='bbox 981 1242 1114 1316; x_wconf 88' lang='lat' dir='ltr'><strong>tantum,</strong></span> 
     </span>
     <span class='ocr_line' id='line_1_9' title="bbox 405 1312 982 1378; baseline 0.005 -4"><span class='ocrx_word' id='word_1_44' title='bbox 405 1315 491 1375; x_wconf 83' lang='lat' dir='ltr'><strong>Aera</strong></span> <span class='ocrx_word' id='word_1_45' title='bbox 505 1312 563 1374; x_wconf 87' lang='lat' dir='ltr'><strong>sed</strong></span> <span class='ocrx_word' id='word_1_46' title='bbox 578 1335 594 1375; x_wconf 88' lang='lat' dir='ltr'><strong>a</strong></span> <span class='ocrx_word' id='word_1_47' title='bbox 609 1313 714 1374; x_wconf 84' lang='lat' dir='ltr'><strong>cuneis</strong></span> <span class='ocrx_word' id='word_1_48' title='bbox 729 1313 879 1376; x_wconf 90' lang='lat' dir='ltr'><strong>ulteriora</strong></span> <span class='ocrx_word' id='word_1_49' title='bbox 892 1317 982 1378; x_wconf 87' lang='lat' dir='ltr'><strong>bibis.</strong></span> 
     </span>
     <span class='ocr_line' id='line_1_10' title="bbox 341 1397 1089 1482; baseline 0.005 -21"><span class='ocrx_word' id='word_1_50' title='bbox 341 1397 433 1461; x_wconf 77' lang='lat' dir='ltr'><strong>tNon</strong></span> <span class='ocrx_word' id='word_1_51' title='bbox 448 1400 528 1458; x_wconf 87' lang='lat' dir='ltr'><strong>baec</strong></span> <span class='ocrx_word' id='word_1_52' title='bbox 541 1397 679 1475; x_wconf 83' lang='lat' dir='ltr'><strong>Peliguis</strong></span> <span class='ocrx_word' id='word_1_53' title='bbox 693 1399 793 1477; x_wconf 84' lang='lat' dir='ltr'><strong>agitur</strong></span> <span class='ocrx_word' id='word_1_54' title='bbox 807 1399 960 1460; x_wconf 83' lang='lat' dir='ltr'><strong>vindemia</strong></span> <span class='ocrx_word' id='word_1_55' title='bbox 975 1403 1089 1482; x_wconf 88' lang='lat' dir='ltr'><strong>praelis</strong></span> 
     </span>
     <span class='ocr_line' id='line_1_11' title="bbox 406 1482 1056 1567; baseline 0.006 -24"><span class='ocrx_word' id='word_1_56' title='bbox 406 1483 474 1544; x_wconf 85' lang='lat' dir='ltr'><strong>Uva</strong></span> <span class='ocrx_word' id='word_1_57' title='bbox 486 1499 547 1542; x_wconf 86' lang='lat' dir='ltr'><strong>nec</strong></span> <span class='ocrx_word' id='word_1_58' title='bbox 560 1483 595 1542; x_wconf 85' lang='lat' dir='ltr'><strong>iu</strong></span> <span class='ocrx_word' id='word_1_59' title='bbox 610 1482 721 1542; x_wconf 88' lang='lat' dir='ltr'><strong>Tuscis</strong></span> <span class='ocrx_word' id='word_1_60' title='bbox 734 1485 872 1544; x_wconf 87' lang='lat' dir='ltr'><strong>nascitur</strong></span> <span class='ocrx_word' id='word_1_61' title='bbox 887 1485 946 1544; x_wconf 91' lang='lat' dir='ltr'><strong>ista</strong></span> <span class='ocrx_word' id='word_1_62' title='bbox 962 1487 1056 1567; x_wconf 85' lang='lat' dir='ltr'><strong>iugis,</strong></span> 
     </span>
     <span class='ocr_line' id='line_1_12' title="bbox 362 1564 1040 1649; baseline 0.006 -23"><span class='ocrx_word' id='word_1_63' title='bbox 362 1565 463 1626; x_wconf 83' lang='lat' dir='ltr'><strong>Testa</strong></span> <span class='ocrx_word' id='word_1_64' title='bbox 476 1564 535 1626; x_wconf 90' lang='lat' dir='ltr'><strong>sed</strong></span> <span class='ocrx_word' id='word_1_65' title='bbox 549 1566 666 1645; x_wconf 74' lang='lat' dir='ltr'><strong>antiqui</strong></span> <span class='ocrx_word' id='word_1_66' title='bbox 679 1565 756 1627; x_wconf 81' lang='lat' dir='ltr'><strong>felir</strong></span> <span class='ocrx_word' id='word_1_67' title='bbox 773 1567 906 1627; x_wconf 88' lang='lat' dir='ltr'><strong>siccatur</strong></span> <span class='ocrx_word' id='word_1_68' title='bbox 921 1569 1040 1649; x_wconf 86' lang='lat' dir='ltr'><strong>Opimi,</strong></span> 
     </span>
     <span class='ocr_line' id='line_1_13' title="bbox 403 1650 1038 1729; baseline 0.008 -19"><span class='ocrx_word' id='word_1_69' title='bbox 403 1651 516 1729; x_wconf 81' lang='lat' dir='ltr'><strong>Egerit</strong></span> <span class='ocrx_word' id='word_1_70' title='bbox 530 1657 564 1709; x_wconf 91' lang='lat' dir='ltr'><strong>et</strong></span> <span class='ocrx_word' id='word_1_71' title='bbox 576 1651 681 1729; x_wconf 85' lang='lat' dir='ltr'><strong>nigros</strong></span> <span class='ocrx_word' id='word_1_72' title='bbox 695 1650 829 1711; x_wconf 89' lang='lat' dir='ltr'><strong>Massica</strong></span> <span class='ocrx_word' id='word_1_73' title='bbox 840 1650 921 1712; x_wconf 91' lang='lat' dir='ltr'><strong>cella</strong></span> <span class='ocrx_word' id='word_1_74' title='bbox 936 1653 1038 1715; x_wconf 88' lang='lat' dir='ltr'><strong>cados.</strong></span> 
     </span>
     <span class='ocr_line' id='line_1_14' title="bbox 361 1734 1004 1817; baseline -0.002 -19"><span class='ocrx_word' id='word_1_75' title='bbox 361 1735 387 1798; x_wconf 84' lang='grc' dir='ltr'><strong>Δ</strong></span> <span class='ocrx_word' id='word_1_76' title='bbox 405 1751 526 1815; x_wconf 81' lang='lat' dir='ltr'><strong>copone</strong></span> <span class='ocrx_word' id='word_1_77' title='bbox 542 1734 600 1794; x_wconf 85' lang='lat' dir='ltr'><strong>tibi</strong></span> <span class='ocrx_word' id='word_1_78' title='bbox 616 1734 686 1794; x_wconf 72' lang='lat' dir='ltr'><strong>faex</strong></span> <span class='ocrx_word' id='word_1_79' title='bbox 698 1734 847 1796; x_wconf 83' lang='lat' dir='ltr'><strong>Laletana</strong></span> <span class='ocrx_word' id='word_1_80' title='bbox 862 1743 1004 1817; x_wconf 88' lang='lat' dir='ltr'><strong>petatur,</strong></span> 
     </span>
     <span class='ocr_line' id='line_1_15' title="bbox 323 1815 1110 1901; baseline 0.005 -19"><span class='ocrx_word' id='word_1_81' title='bbox 323 1829 355 1882; x_wconf 86' lang='lat' dir='ltr'><strong>lo</strong></span> <span class='ocrx_word' id='word_1_82' title='bbox 404 1818 438 1879; x_wconf 81' lang='lat' dir='ltr'><strong>si</strong></span> <span class='ocrx_word' id='word_1_83' title='bbox 453 1815 526 1899; x_wconf 87' lang='lat' dir='ltr'><strong>plus</strong></span> <span class='ocrx_word' id='word_1_84' title='bbox 543 1837 633 1898; x_wconf 87' lang='lat' dir='ltr'><strong>quam</strong></span> <span class='ocrx_word' id='word_1_85' title='bbox 648 1817 791 1898; x_wconf 87' lang='lat' dir='ltr'><strong>deciens,</strong></span> <span class='ocrx_word' id='word_1_86' title='bbox 814 1819 998 1901; x_wconf 71' lang='lat' dir='ltr'><strong>Sextilium,</strong></span> <span class='ocrx_word' id='word_1_87' title='bbox 1020 1824 1110 1887; x_wconf 82' lang='lat' dir='ltr'><strong>bibis.</strong></span> 
     </span>
    </p>
   </div>
   <div class='ocr_carea' id='block_1_4' title="bbox 631 1931 861 2004">
    <p class='ocr_par' dir='ltr' id='par_1_5' title="bbox 631 1931 861 2004">
     <span class='ocr_line' id='line_1_16' title="bbox 631 1931 861 2004; baseline 0.004 -11"><span class='ocrx_word' id='word_1_88' title='bbox 631 1997 635 2004; x_wconf 66' lang='grc'><strong><em>,</em></strong></span> <span class='ocrx_word' id='word_1_89' title='bbox 737 1931 861 1994; x_wconf 81' lang='lat' dir='ltr'><strong>XXVII.</strong></span> 
     </span>
    </p>
   </div>
   <div class='ocr_carea' id='block_1_5' title="bbox 339 2031 1033 2615">
    <p class='ocr_par' dir='ltr' id='par_1_6' title="bbox 339 2031 1033 2615">
     <span class='ocr_line' id='line_1_17' title="bbox 360 2031 903 2112; baseline 0.002 -21"><span class='ocrx_word' id='word_1_90' title='bbox 360 2031 522 2091; x_wconf 85' lang='lat' dir='ltr'><strong>Hesterna</strong></span> <span class='ocrx_word' id='word_1_91' title='bbox 534 2031 593 2091; x_wconf 90' lang='lat' dir='ltr'><strong>tibi</strong></span> <span class='ocrx_word' id='word_1_92' title='bbox 606 2036 698 2091; x_wconf 89' lang='lat' dir='ltr'><strong>nocte</strong></span> <span class='ocrx_word' id='word_1_93' title='bbox 713 2031 903 2112; x_wconf 81' lang='lat' dir='ltr'><strong>dixeramus,</strong></span> 
     </span>
     <span class='ocr_line' id='line_1_18' title="bbox 361 2114 1033 2198; baseline 0.007 -24"><span class='ocrx_word' id='word_1_94' title='bbox 361 2115 560 2192; x_wconf 76' lang='lat' dir='ltr'><strong>Quincunces</strong></span> <span class='ocrx_word' id='word_1_95' title='bbox 574 2121 649 2195; x_wconf 90' lang='lat' dir='ltr'><strong>puto</strong></span> <span class='ocrx_word' id='word_1_96' title='bbox 663 2121 736 2195; x_wconf 90' lang='lat' dir='ltr'><strong>post</strong></span> <span class='ocrx_word' id='word_1_97' title='bbox 750 2114 857 2176; x_wconf 91' lang='lat' dir='ltr'><strong>decem</strong></span> <span class='ocrx_word' id='word_1_98' title='bbox 865 2122 1033 2198; x_wconf 81' lang='lat' dir='ltr'><strong>peractos,</strong></span> 
     </span>
     <span class='ocr_line' id='line_1_19' title="bbox 361 2197 962 2278; baseline 0.005 -19"><span class='ocrx_word' id='word_1_99' title='bbox 361 2201 502 2277; x_wconf 76' lang='lat' dir='ltr'><strong>Cenares</strong></span> <span class='ocrx_word' id='word_1_100' title='bbox 517 2198 629 2278; x_wconf 87' lang='lat' dir='ltr'><strong>bodie,</strong></span> <span class='ocrx_word' id='word_1_101' title='bbox 648 2197 803 2277; x_wconf 89' lang='lat' dir='ltr'><strong>Procille,</strong></span> <span class='ocrx_word' id='word_1_102' title='bbox 825 2219 962 2265; x_wconf 82' lang='lat' dir='ltr'><strong>mecum·</strong></span> 
     </span>
     <span class='ocr_line' id='line_1_20' title="bbox 362 2282 947 2365; baseline 0.003 -21"><span class='ocrx_word' id='word_1_103' title='bbox 362 2282 413 2344; x_wconf 89' lang='lat' dir='ltr'><strong>Tu</strong></span> <span class='ocrx_word' id='word_1_104' title='bbox 430 2283 544 2343; x_wconf 83' lang='lat' dir='ltr'><strong>factam</strong></span> <span class='ocrx_word' id='word_1_105' title='bbox 560 2285 617 2343; x_wconf 92' lang='lat' dir='ltr'><strong>tibi</strong></span> <span class='ocrx_word' id='word_1_106' title='bbox 633 2301 699 2343; x_wconf 89' lang='lat' dir='ltr'><strong>rem</strong></span> <span class='ocrx_word' id='word_1_107' title='bbox 714 2286 817 2344; x_wconf 88' lang='lat' dir='ltr'><strong>statim</strong></span> <span class='ocrx_word' id='word_1_108' title='bbox 830 2289 947 2365; x_wconf 90' lang='lat' dir='ltr'><strong>putasti</strong></span> 
     </span>
     <span class='ocr_line' id='line_1_21' title="bbox 339 2368 894 2430; baseline -0.002 0"><span class='ocrx_word' id='word_1_109' title='bbox 339 2369 405 2430; x_wconf 85' lang='lat' dir='ltr'><strong>5Et</strong></span> <span class='ocrx_word' id='word_1_110' title='bbox 417 2384 482 2427; x_wconf 91' lang='lat' dir='ltr'><strong>non</strong></span> <span class='ocrx_word' id='word_1_111' title='bbox 496 2369 601 2427; x_wconf 86' lang='lat' dir='ltr'><strong>sobria</strong></span> <span class='ocrx_word' id='word_1_112' title='bbox 613 2368 708 2427; x_wconf 86' lang='lat' dir='ltr'><strong>verba</strong></span> <span class='ocrx_word' id='word_1_113' title='bbox 721 2369 894 2429; x_wconf 88' lang='lat' dir='ltr'><strong>subnotasti</strong></span> 
     </span>
     <span class='ocr_line' id='line_1_22' title="bbox 359 2448 1029 2532; baseline 0 -20"><span class='ocrx_word' id='word_1_114' title='bbox 359 2448 513 2532; x_wconf 76' lang='lat' dir='ltr'><strong>Exemplo</strong></span> <span class='ocrx_word' id='word_1_115' title='bbox 528 2451 654 2516; x_wconf 89' lang='lat' dir='ltr'><strong>nimium</strong></span> <span class='ocrx_word' id='word_1_116' title='bbox 668 2452 859 2532; x_wconf 84' lang='lat' dir='ltr'><strong>periculoso:</strong></span> <span class='ocrx_word' id='word_1_117' title='bbox 1026 2515 1029 2519; x_wconf 63' lang='grc'>,</span> 
     </span>
     <span class='ocr_line' id='line_1_23' title="bbox 360 2526 1009 2615; baseline 0.006 -19"><span class='ocrx_word' id='word_1_118' title='bbox 360 2535 464 2597; x_wconf 79' lang='lat' dir='ltr'><strong>Mmcd</strong></span> <span class='ocrx_word' id='word_1_119' title='bbox 480 2526 635 2614; x_wconf 81' lang='grc' dir='ltr'><em>μνάμονα</em></span> <span class='ocrx_word' id='word_1_120' title='bbox 650 2528 841 2615; x_wconf 78' lang='grc' dir='ltr'><strong><em>συμπόταν,</em></strong></span> <span class='ocrx_word' id='word_1_121' title='bbox 863 2537 1009 2601; x_wconf 88' lang='lat' dir='ltr'><strong>Procille.</strong></span> 
     </span>
    </p>
   </div>
   <div class='ocr_carea' id='block_1_6' title="bbox 729 2671 865 2733">
    <p class='ocr_par' dir='ltr' id='par_1_7' title="bbox 729 2671 865 2733">
     <span class='ocr_line' id='line_1_24' title="bbox 729 2671 865 2733; baseline 0 -1"><span class='ocrx_word' id='word_1_122' title='bbox 729 2671 865 2733; x_wconf 82' lang='lat' dir='ltr'>XXVIII.</span> 
     </span>
    </p>
   </div>
   <div class='ocr_carea' id='block_1_7' title="bbox 358 2782 1101 2962">
    <p class='ocr_par' dir='ltr' id='par_1_8' title="bbox 358 2782 1101 2962">
     <span class='ocr_line' id='line_1_25' title="bbox 358 2782 1101 2866; baseline 0.008 -26"><span class='ocrx_word' id='word_1_123' title='bbox 358 2782 518 2842; x_wconf 89' lang='lat' dir='ltr'><strong>Hesterno</strong></span> <span class='ocrx_word' id='word_1_124' title='bbox 532 2782 635 2844; x_wconf 83' lang='lat' dir='ltr'><strong>fetere</strong></span> <span class='ocrx_word' id='word_1_125' title='bbox 650 2801 736 2843; x_wconf 88' lang='lat' dir='ltr'><strong>mero</strong></span> <span class='ocrx_word' id='word_1_126' title='bbox 755 2785 808 2863; x_wconf 92' lang='lat' dir='ltr'><strong>qui</strong></span> <span class='ocrx_word' id='word_1_127' title='bbox 823 2783 923 2844; x_wconf 89' lang='lat' dir='ltr'><strong>eredit</strong></span> <span class='ocrx_word' id='word_1_128' title='bbox 937 2786 1101 2866; x_wconf 88' lang='lat' dir='ltr'><strong>Acerram,</strong></span> 
     </span>
     <span class='ocr_line' id='line_1_26' title="bbox 400 2864 1099 2962; baseline 0.01 -37"><span class='ocrx_word' id='word_1_129' title='bbox 400 2864 554 2927; x_wconf 79' lang='lat' dir='ltr'><strong>Falliturr</strong></span> <span class='ocrx_word' id='word_1_130' title='bbox 575 2868 609 2927; x_wconf 88' lang='lat' dir='ltr'><strong>in</strong></span> <span class='ocrx_word' id='word_1_131' title='bbox 621 2865 722 2927; x_wconf 89' lang='lat' dir='ltr'><strong>lucem</strong></span> <span class='ocrx_word' id='word_1_132' title='bbox 737 2886 861 2962; x_wconf 83' lang='lat' dir='ltr'><strong>semper</strong></span> <span class='ocrx_word' id='word_1_133' title='bbox 878 2870 996 2930; x_wconf 83' lang='lat' dir='ltr'><strong>Acerra</strong></span> <span class='ocrx_word' id='word_1_134' title='bbox 1010 2871 1099 2933; x_wconf 90' lang='lat' dir='ltr'><strong>bibit.</strong></span> 
     </span>
    </p>
   </div>
   <div class='ocr_carea' id='block_1_8' title="bbox 359 3003 1114 3279">
    <p class='ocr_par' dir='ltr' id='par_1_9' title="bbox 359 3003 1114 3279">
     <span class='ocr_line' id='line_1_27' title="bbox 743 3003 854 3065; baseline 0.009 -2"><span class='ocrx_word' id='word_1_135' title='bbox 743 3003 854 3065; x_wconf 84' lang='lat' dir='ltr'>XXIX.</span> 
     </span>
     <span class='ocr_line' id='line_1_28' title="bbox 359 3111 1114 3195; baseline 0.005 -24"><span class='ocrx_word' id='word_1_136' title='bbox 359 3111 454 3172; x_wconf 80' lang='lat' dir='ltr'><strong>Fama</strong></span> <span class='ocrx_word' id='word_1_137' title='bbox 467 3113 571 3174; x_wconf 87' lang='lat' dir='ltr'><strong>refert</strong></span> <span class='ocrx_word' id='word_1_138' title='bbox 584 3120 707 3174; x_wconf 89' lang='lat' dir='ltr'><strong>nostros</strong></span> <span class='ocrx_word' id='word_1_139' title='bbox 722 3120 772 3192; x_wconf 88' lang='lat' dir='ltr'><strong>tc,</strong></span> <span class='ocrx_word' id='word_1_140' title='bbox 786 3115 970 3195; x_wconf 84' lang='lat' dir='ltr'><strong>Fidentine,</strong></span> <span class='ocrx_word' id='word_1_141' title='bbox 990 3113 1114 3176; x_wconf 88' lang='lat' dir='ltr'><strong>libellos</strong></span> 
     </span>
     <span class='ocr_line' id='line_1_29' title="bbox 400 3196 1056 3279; baseline 0.006 -23"><span class='ocrx_word' id='word_1_142' title='bbox 400 3196 471 3256; x_wconf 88' lang='lat' dir='ltr'><strong>Non</strong></span> <span class='ocrx_word' id='word_1_143' title='bbox 487 3197 580 3258; x_wconf 82' lang='lat' dir='ltr'><strong>nIiter</strong></span> <span class='ocrx_word' id='word_1_144' title='bbox 593 3197 709 3279; x_wconf 92' lang='lat' dir='ltr'><strong>populo</strong></span> <span class='ocrx_word' id='word_1_145' title='bbox 724 3219 814 3278; x_wconf 80' lang='lat' dir='ltr'><strong>quam</strong></span> <span class='ocrx_word' id='word_1_146' title='bbox 828 3202 963 3260; x_wconf 89' lang='lat' dir='ltr'><strong>recitare</strong></span> <span class='ocrx_word' id='word_1_147' title='bbox 977 3206 1056 3260; x_wconf 88' lang='lat' dir='ltr'><strong>tuos.</strong></span> 
     </span>
    </p>
   </div>
   <div class='ocr_carea' id='block_1_9' title="bbox 361 3277 1143 3446">
    <p class='ocr_par' dir='ltr' id='par_1_10' title="bbox 361 3277 1143 3446">
     <span class='ocr_line' id='line_1_30' title="bbox 361 3277 1143 3361; baseline 0.003 -22"><span class='ocrx_word' id='word_1_148' title='bbox 361 3277 395 3340; x_wconf 88' lang='lat' dir='ltr'><strong>Si</strong></span> <span class='ocrx_word' id='word_1_149' title='bbox 408 3298 478 3340; x_wconf 89' lang='lat' dir='ltr'><strong>mea</strong></span> <span class='ocrx_word' id='word_1_150' title='bbox 490 3282 537 3342; x_wconf 80' lang='lat' dir='ltr'><strong>vis</strong></span> <span class='ocrx_word' id='word_1_151' title='bbox 552 3280 632 3360; x_wconf 69' lang='lat' dir='ltr'><strong>dim,</strong></span> <span class='ocrx_word' id='word_1_152' title='bbox 651 3284 746 3361; x_wconf 80' lang='lat' dir='ltr'><strong>gratis</strong></span> <span class='ocrx_word' id='word_1_153' title='bbox 760 3284 818 3343; x_wconf 88' lang='lat' dir='ltr'><strong>tibi</strong></span> <span class='ocrx_word' id='word_1_154' title='bbox 834 3285 967 3344; x_wconf 86' lang='lat' dir='ltr'><strong>carmina</strong></span> <span class='ocrx_word' id='word_1_155' title='bbox 981 3285 1113 3343; x_wconf 84' lang='lat' dir='ltr'><strong>mIttam:</strong></span> <span class='ocrx_word' id='word_1_156' title='bbox 1141 3315 1143 3321; x_wconf 94' lang='lat'>·</span> 
     </span>
     <span class='ocr_line' id='line_1_31' title="bbox 403 3363 1077 3446; baseline 0.004 -21"><span class='ocrx_word' id='word_1_157' title='bbox 403 3363 438 3425; x_wconf 79' lang='lat' dir='ltr'><strong>si</strong></span> <span class='ocrx_word' id='word_1_158' title='bbox 454 3363 517 3426; x_wconf 91' lang='lat' dir='ltr'><strong>dici</strong></span> <span class='ocrx_word' id='word_1_159' title='bbox 531 3372 584 3426; x_wconf 88' lang='lat' dir='ltr'><strong>tua</strong></span> <span class='ocrx_word' id='word_1_160' title='bbox 598 3367 662 3445; x_wconf 84' lang='lat' dir='ltr'><strong>ris,</strong></span> <span class='ocrx_word' id='word_1_161' title='bbox 682 3385 739 3446; x_wconf 92' lang='lat' dir='ltr'><strong>en,</strong></span> <span class='ocrx_word' id='word_1_162' title='bbox 761 3386 848 3446; x_wconf 86' lang='lat' dir='ltr'><strong>erne,</strong></span> <span class='ocrx_word' id='word_1_163' title='bbox 870 3367 991 3428; x_wconf 86' lang='lat' dir='ltr'><strong>nemea</strong></span> <span class='ocrx_word' id='word_1_164' title='bbox 1006 3368 1077 3428; x_wconf 80' lang='lat' dir='ltr'><strong>siut.</strong></span> 
     </span>
    </p>
   </div>
   <div class='ocr_carea' id='block_1_10' title="bbox 555 3501 846 3565">
    <p class='ocr_par' dir='ltr' id='par_1_11' title="bbox 555 3501 846 3565">
     <span class='ocr_line' id='line_1_32' title="bbox 555 3501 846 3565; baseline 0.017 -5"><span class='ocrx_word' id='word_1_165' title='bbox 555 3509 559 3516; x_wconf 92' lang='lat'>&#39;</span> <span class='ocrx_word' id='word_1_166' title='bbox 633 3514 635 3519; x_wconf 87' lang='grc'><em>·</em></span> <span class='ocrx_word' id='word_1_167' title='bbox 752 3501 846 3565; x_wconf 85' lang='lat' dir='ltr'>XXX.</span> 
     </span>
    </p>
   </div>
   <div class='ocr_carea' id='block_1_11' title="bbox 363 3613 1120 3788">
    <p class='ocr_par' dir='ltr' id='par_1_12' title="bbox 363 3613 1120 3788">
     <span class='ocr_line' id='line_1_33' title="bbox 363 3613 1120 3698; baseline 0.005 -24"><span class='ocrx_word' id='word_1_168' title='bbox 363 3613 531 3696; x_wconf 75' lang='lat' dir='ltr'><strong>Chirurgus</strong></span> <span class='ocrx_word' id='word_1_169' title='bbox 547 3615 667 3693; x_wconf 80' lang='lat' dir='ltr'><strong>iuerat,</strong></span> <span class='ocrx_word' id='word_1_170' title='bbox 687 3636 769 3676; x_wconf 88' lang='lat' dir='ltr'><strong>nunc</strong></span> <span class='ocrx_word' id='word_1_171' title='bbox 784 3624 833 3677; x_wconf 91' lang='lat' dir='ltr'><strong>est</strong></span> <span class='ocrx_word' id='word_1_172' title='bbox 846 3614 970 3698; x_wconf 84' lang='lat' dir='ltr'><strong>vispillo</strong></span> <span class='ocrx_word' id='word_1_173' title='bbox 984 3613 1120 3678; x_wconf 88' lang='lat' dir='ltr'><strong>Diaulus.</strong></span> 
     </span>
     <span class='ocr_line' id='line_1_34' title="bbox 405 3698 1076 3788; baseline 0.001 -28"><span class='ocrx_word' id='word_1_174' title='bbox 405 3699 517 3782; x_wconf 80' lang='lat' dir='ltr'><strong>Coepit</strong></span> <span class='ocrx_word' id='word_1_175' title='bbox 533 3720 593 3780; x_wconf 86' lang='lat' dir='ltr'><strong>quo</strong></span> <span class='ocrx_word' id='word_1_176' title='bbox 608 3707 733 3788; x_wconf 73' lang='lat' dir='ltr'><strong>poterat</strong></span> <span class='ocrx_word' id='word_1_177' title='bbox 746 3699 875 3761; x_wconf 73' lang='lat' dir='ltr'><strong>clinicus</strong></span> <span class='ocrx_word' id='word_1_178' title='bbox 892 3718 960 3760; x_wconf 90' lang='lat' dir='ltr'><strong>esse</strong></span> <span class='ocrx_word' id='word_1_179' title='bbox 975 3698 1076 3761; x_wconf 59' lang='lat' dir='ltr'><strong>modo?</strong></span> 
     </span>
    </p>
   </div>
   <div class='ocr_carea' id='block_1_12' title="bbox 332 3778 1119 3859">
    <p class='ocr_par' dir='ltr' id='par_1_13' title="bbox 332 3778 1119 3859">
     <span class='ocr_line' id='line_1_35' title="bbox 332 3778 1119 3859; baseline 0.005 -15"><span class='ocrx_word' id='word_1_180' title='bbox 332 3778 429 3845; x_wconf 74' lang='lat' dir='ltr'><strong>Mser.</strong></span> <span class='ocrx_word' id='word_1_181' title='bbox 653 3851 656 3859; x_wconf 22' lang='lat'><strong>¹</strong></span> <span class='ocrx_word' id='word_1_182' title='bbox 814 3845 817 3849; x_wconf 78' lang='grc'>,</span> <span class='ocrx_word' id='word_1_183' title='bbox 1094 3783 1119 3848; x_wconf 69' lang='lat' dir='ltr'><strong>‘b</strong></span> 
     </span>
    </p>
   </div>
   <div class='ocr_carea' id='block_1_13' title="bbox 1284 457 1324 521">
    <p class='ocr_par' dir='ltr' id='par_1_14' title="bbox 1284 457 1324 521">
     <span class='ocr_line' id='line_1_36' title="bbox 1284 457 1324 521; baseline 0.025 -1"><span class='ocrx_word' id='word_1_184' title='bbox 1284 457 1324 521; x_wconf 87' lang='grc'><strong>17</strong></span> 
     </span>
    </p>
   </div>
   <div class='ocr_carea' id='block_1_14' title="bbox 0 0 1651 4409">
    <p class='ocr_par' dir='ltr' id='par_1_15' title="bbox 0 0 1651 4409">
     <span class='ocr_line' id='line_1_37' title="bbox 0 0 1651 4409; baseline 0 0"><span class='ocrx_word' id='word_1_185' title='bbox 0 0 1651 4409; x_wconf 95' lang='lat' dir='ltr'><strong> </strong></span> 
     </span>
    </p>
   </div>
  </div>
 </body>
</html>
