3267 4409
501 473 842 538 EPIGRAMMATON
854 476 928 541 LIB.
942 477 1024 544 XIV.
1227 479 1292 543 339

423 676 585 738 CLXXIV.
607 675 893 760 Hermaphroditus
908 699 1111 749 marmoreus,

327 776 489 840 Masculus
506 780 633 838 intravit
647 781 767 840 fontes:
790 785 918 842 emersit
933 791 1107 862 utrumque.

295 889 301 898 ·
371 864 447 922 Pars
463 869 512 922 est
526 882 586 921 una
599 866 715 942 patris,
738 872 844 925 cetera
858 869 965 927 matris
981 868 1086 932 hebet.

572 997 719 1060 CLXXV.
745 998 859 1060 Danae
869 1003 965 1080 pieta.

329 1099 393 1158 Cur
410 1105 473 1158 ate
487 1100 621 1178 pretium
638 1100 756 1178 Danae,
778 1108 925 1179 regnator
941 1099 1084 1183 Olympi,

373 1184 521 1265 Accepit,
543 1186 638 1262 gratis
653 1186 680 1244 si
695 1186 753 1244 tibi
767 1185 853 1245 Leda
868 1184 976 1245 dedit?

563 1306 571 1319 ⁸
604 1318 766 1380 CLXXVI.
789 1317 937 1380 Persona.

329 1418 402 1478 Sum
417 1415 505 1495 figuli
518 1416 604 1476 lusus
619 1419 699 1476 russi
714 1436 849 1497 persona
862 1418 977 1478 Batavi.

371 1504 457 1579 Quae
472 1510 505 1561 tu
521 1500 663 1579 derides,
684 1503 761 1561 haec
775 1502 865 1561 timet
880 1521 934 1561 ora
948 1520 1035 1582 puer.

484 1634 659 1697 CLXXVII.
685 1635 842 1698 Hercules
859 1635 1046 1700 Corinthius.

326 1736 426 1799 Elidit
441 1738 578 1815 geminos
592 1737 693 1796 infans
708 1757 765 1797 nec
782 1737 912 1816 respicit
925 1754 1048 1814 angues.

369 1823 430 1882 lam
445 1827 569 1903 poterat
585 1827 710 1881 teneras
724 1820 823 1901 hydra
837 1823 948 1881 timere
964 1839 1078 1881 manus.

522 1954 710 2017 CLXXVIII.
734 1954 1017 2034 Herinlesfleiilis.

329 2058 402 2118 Sum
415 2053 554 2133 fragilis:
575 2054 632 2114 sed
646 2061 696 2133 tu,
717 2073 844 2132 moneo,
865 2075 905 2116 ne
920 2074 1034 2136 sperne
1049 2053 1193 2136 sigillum.
1237 2124 1241 2135 .

370 2141 440 2201 Non
453 2139 550 2220 pudet
565 2138 698 2199 Alciden
711 2157 824 2198 nomen
837 2140 953 2201 habere
967 2159 1078 2208 meum,

512 2272 672 2346 CLXXIX.
694 2273 837 2335 Minerua
851 2283 1011 2355 argentea.
1104 2318 1107 2325 -

327 2379 384 2439 Die
398 2378 489 2456 mihi,
510 2378 596 2455 virgo
610 2376 716 2454 ferox,
738 2395 806 2435 eum
822 2377 863 2436 sit
874 2376 935 2436 tibi
952 2376 1045 2436 cussis
1059 2380 1093 2436 et
1106 2346 1210 2456 hasla,

370 2463 473 2540 Quare
488 2481 550 2521 non
564 2462 677 2520 habeas
693 2458 825 2539 aegida?
853 2461 990 2540 „Caesar
1004 2455 1131 2523 habet.“

616 2593 763 2655 CLXXX.
787 2592 922 2676 Europe·
955 2590 958 2594 ’

328 2699 445 2761 Mutari
459 2695 570 2757 melius
585 2702 691 2775 tauro,
712 2703 802 2776 paler
817 2699 933 2777 optime
951 2684 1069 2773 divum,

370 2784 459 2843 'l'nue
473 2790 615 2862 poteras,
637 2782 669 2841 lo
685 2801 753 2841 eum
769 2782 827 2843 tibi
840 2788 932 2841 vaee'a
944 2777 1026 2840 fuite-

464 2899 642 2965 .CLXXXl.
666 2899 829 2961 Leandros
842 2916 1043 2960 marmoreus.
1081 2956 1086 2961 .

328 3001 487 3064 Clamabat
500 3003 625 3063 tumidis
641 3001 737 3062 audax
750 3000 909 3062 Leandros
923 3002 956 3060 iu
969 2999 1076 3076 undis,

369 3087 528 3166 „Mergite
543 3104 592 3147 me
606 3087 733 3163 fluctus,
755 3105 823 3145 cum
838 3085 995 3145 rediturus
1010 3081 1098 3143 ero.“

473 3221 647 3282 CLXXXII.
671 3219 819 3303 Sigillum
832 3219 951 3302 gibberi
952 3215 1066 3298 fietile.

328 3325 442 3385 Ebrius
456 3324 533 3383 haec
547 3324 624 3384 feeit
637 3324 749 3401 terris,
769 3329 861 3401 puto,
884 3325 1022 3381 monstra
1034 3315 1255 3379 Prometheus:

369 3405 575 3481 Saturnalicio
589 3406 666 3468 lusit
681 3413 714 3468 et
729 3409 796 3487 ipse
809 3403 885 3466 luto.
944 3429 965 3478 χ
1059 3464 1063 3469 ,

403 3541 591 3604 CLXXXIII.
615 3541 749 3603 Homeri
764 3535 1126 3625 Batraelromyomaadin.

322 3632 456 3710 Perlege
475 3640 620 3702 Maesium
639 3645 774 3701 cantatas
789 3640 924 3699 carmlne
938 3655 1029 3698 reum

365 3721 407 3781 m
423 3724 561 3786 frontem
573 3726 663 3804 nugis
676 3723 797 3786 solvere
814 3722 900 3785 dIsce
911 3722 999 3784 mels.
1014 3792 1102 3865 ‘Rs
