3267 4409
477 441 814 503 urrcnsnmnuon
828 393 902 503 mn}
917 441 997 506 nv.
1064 461 1067 465 ·
1192 442 1254 506 aas

478 690 480 694 s
527 647 632 710 CXIV.
655 592 783 706 Patella
801 644 952 707 Cumano.

299 745 388 804 Hanc
402 742 460 803 tibi
474 743 628 804 Cumanae
643 743 843 804 rubicundam
857 734 987 824 pulvere
1000 749 1102 806 testae

340 828 532 908 Municipem
546 829 629 888 misit
643 835 730 902 castq
740 826 860 906 Sibylla
875 847 968 888 suain.

566 932 670 1026 CXV.'
686 963 806 1023 Calices
818 963 917 1023 vitrei.

298 1061 421 1140 Aspicis
438 1061 592 1139 ingenium
607 1061 686 1121 Nili:
710 1064 819 1141 quibus
835 1060 950 1122 addere
965 1058 1056 1143 plura

340 1147 419 1205 Dum
435 1146 535 1226 cupit,
554 1148 592 1205 ah
608 1148 750 1224 quotiens
765 1144 905 1227 perdidit
918 1153 1025 1208 auctor
1038 1145 1128 1228 opus!

537 1280 643 1342 CXVI.
666 1279 941 1361 Lagonanioaria.

300 1377 462 1460 Spoletina
476 1379 556 1438 bibis
570 1379 619 1439 vel
635 1380 748 1439 Marsis
763 1378 887 1438 condita
900 1377 999 1439 cellis.

342 1465 409 1542 Quo
422 1464 481 1523 tibi
497 1462 643 1523 decoctae
658 1462 763 1525 nobile
777 1463 876 1543 frigus
893 1462 1012 1543 aqune‘.²
1101 1545 1104 1555 Ι

621 1597 741 1659 cxvu.
763 1597 860 1659 lrlem.

295 1694 367 1756 Non
382 1702 490 1776 potare
503 1697 620 1768 nivem,
643 1695 699 1757 sed
713 1717 821 1776 aquam
834 1702 944 1777 potare
957 1702 1133 1777 recentem

339 1779 386 1840 lle
401 1781 470 1840 nive
487 1787 657 1843 commenta
669 1787 720 1841 est
733 1783 894 1862 ingeniosa
906 1783 982 1844 sitis.
1011 1846 1018 1854 .
1056 1835 1058 1838 .

611 1916 744 1978 cxvlll.
766 1917 864 1977 lrlem.

298 2014 458 2076 Massiliae
473 2015 573 2074 fumos
587 2002 719 2077 miscere
737 2013 887 2075 nivalibus
902 2014 992 2076 undis

341 2098 460 2178 Parcc‚'
478 2117 574 2179 puer,
596 2104 771 2159 constetne
785 2099 844 2158 tibi
858 2097 956 2179 pluris
972 2118 1058 2177 aqua.

546 2231 651 2293 cxlx.
675 2230 933 2312 Matellaflctilia.
951 2244 954 2249 '

297 2335 376 2394 Dum
390 2353 502 2414 poscor
518 2334 638 2412 crepitu
653 2330 819 2409 digitorum
834 2339 867 2393 et
880 2337 1140 2412 rememoratur,

341 2419 367 2478 0
386 2419 528 2497 quotiens
542 2416 647 2498 pellex
662 2414 775 2477 culcita
789 2418 871 2478 facta
886 2436 956 2479 mea
970 2417 1034 2480 est!

531 2551 621 2615 CXX.
643 2550 768 2634 Ligula·
777 2558 940 2634 argentea.
954 2541 957 2553 ¹

299 2653 442 2729 Quamvis
456 2670 505 2711 me
518 2649 645 2729 ligulam
660 2650 765 2711 dicant
779 2652 963 2729 equitesque
979 2656 1163 2734 patresque,

340 2737 435 2796 Dicor
450 2738 487 2797 ab
502 2735 636 2797 indoctis
650 2733 767 2814 lingula
784 2736 998 2815 grammaticis.

576 2870 683 2930 CXXI.
708 2870 883 2931 Cocbleare.

301 2970 374 3030 Sum
389 2966 524 3029 cochleis
540 2969 669 3046 habilis,
691 2967 748 3028 sed
765 2986 824 3028 nec
839 2952 938 3030 minus
952 2967 1038 3030 utilis
1053 2968 1128 3030 oris.

341 3053 497 3132 Numquid
511 3056 590 3132 scis,
612 3052 715 3134 potius
730 3072 784 3112 cur
799 3050 963 3115 cochleare
978 3053 1094 3115 vocor‘l
1224 3056 1227 3063 '

616 3186 735 3248 cxxii.
757 3186 869 3248 Anuli.

301 3292 383 3351 Ante
396 3291 563 3370 frequens,
586 3288 643 3350 sed
658 3310 739 3350 nunc
752 3309 840 3350 rarus
855 3307 912 3349 nos
928 3285 1022 3348 donat
1035 3285 1158 3347 amicus.
1179 3302 1187 3310 ·

343 3375 451 3455 Felix,
472 3377 520 3436 cui
536 3394 639 3452 comes
654 3380 703 3442 est
718 3394 781 3434 non
797 3372 916 3434 'alienus
931 3388 1037 3452 eques.
1104 3421 1108 3430 .

542 3510 674 3570 cxxiii.
696 3507 942 3590 Dactyliotheca.

303 3609 403 3688 Saepe
419 3609 518 3687 gravis
533 3607 637 3688 digitis
655 3606 787 3669 elabitur
801 3603 910 3667 anulus
923 3605 1041 3684 unctis,

320 3692 324 3698 “
345 3694 427 3755 Tuta
441 3711 509 3754 mea
523 3694 580 3754 fiet
595 3692 652 3755 sed
666 3700 718 3756 tua
730 3712 850 3772 gemma
863 3689 935 3753 lide.
