3267 4409
514 427 856 494 nrlsmnmucu
869 429 990 492 unna
1003 430 1051 493 na
1264 433 1304 497 71
1380 520 1383 525 ,

385 581 518 644 Putidus
532 589 600 660 est,
619 584 736 644 totiens
752 584 777 651 si
794 583 869 641 mihi
884 584 973 662 ponis
988 604 1105 664 aprum.

349 667 435 745 Quod
449 669 476 727 si
491 686 555 726 non
569 669 720 727 scombris
734 665 888 727 scelerata
902 676 1044 746 poemata
1058 668 1170 749 donas,

318 763 342 813 10
386 751 520 813 Cenabis
538 749 622 810 solus
638 750 715 830 iam,
735 750 900 830 Ligurine,
924 750 1015 811 domi.

757 899 806 961 LI.

352 1024 421 1085 Cum
435 1025 550 1085 faeiem
561 1022 671 1105 laudo,
686 1044 754 1084 eum
767 1026 864 1085 miror
880 1045 970 1086 crura
982 1045 1168 1106 manusque,

387 1109 517 1188 Dicere,
535 1108 641 1188 Galla,
663 1107 746 1169 soles
760 1109 870 1188 „Nuda
884 1109 1013 1189 placebo
1028 1112 1157 1190 magis,“

351 1192 386 1252 Et
399 1211 524 1272 semper
538 1194 616 1252 vitas
632 1195 804 1253 eommunIa
817 1194 927 1255 balne'a
940 1195 1039 1256 nobis.
1201 1250 1204 1255 .

386 1275 559 1357 Numquid,
582 1275 685 1356 Galla,
705 1278 813 1355 tImes,
836 1296 876 1337 ne
891 1279 949 1338 tibi
962 1297 1024 1338 nun
1036 1277 1197 1361 placeam?

751 1425 813 1487 LII.
881 1412 884 1417 ’

352 1552 454 1634 Empta
471 1551 580 1613 domus
593 1553 697 1614 fuerat
710 1556 784 1634 tibi,
807 1553 1010 1635 Tongiliane,
1032 1555 1159 1637 ducenis
1218 1615 1225 1637 ,

386 1635 523 1698 Abstulit
537 1638 617 1697 hanc
628 1639 756 1699 nimium
772 1659 860 1699 casus
875 1641 908 1700 in
923 1641 1001 1702 urbe
1014 1641 1174 1720 frequens.
1266 1712 1269 1717 ¹

354 1718 498 1781 Collatum
513 1727 563 1782 est
577 1720 712 1784 deciens.
741 1724 844 1802 Roga,
866 1743 928 1788 non
942 1731 1033 1805 potes
1047 1727 1115 1806 ipse
1129 1724 1229 1786 videri

387 1804 565 1866 Incendisse
580 1811 679 1886 tuam,
702 1807 903 1888 Tongiliane,
926 1808 1071 1870 domum?
1095 1832 1098 1847 ·

744 1954 820 2018 LIII.

354 2076 482 2140 Ltvcltu
493 2087 636 2161 poteram
648 2087 702 2142 tuo
721 2101 829 2143 carere

355 2161 389 2223 Iit
401 2162 482 2224 eollo
497 2167 916 2246 manibusquecruribusque

355 2244 389 2307 Iit
399 2250 535 2309 mammis
550 2250 735 2329 natibusque
748 2250 969 2332 clunibusque,

355 2328 401 2411 Iit,
419 2342 459 2393 ne
474 2331 595 2412 singula
609 2335 757 2415 persequi
772 2334 929 2416 laborem,

341 2413 425 2476 iTcta
439 2423 472 2478 te
485 2425 643 2498 poteram,
666 2418 782 2499 Chloe,
805 2439 923 2491 carere,

739 2571 817 2635 LIV.

356 2691 420 2754 Gum
433 2694 509 2767 dare
526 2715 590 2756 nan
601 2699 718 2777 passim
733 2697 815 2777 quod
831 2699 949 2780 poscis,
972 2695 1078 2777 Galla,
1097 2703 1273 2778 rogantem,

387 2778 487 2840 Multo
502 2780 689 2862 simplicius,
702 2782 820 2863 Galla,
841 2800 957 2862 negare
971 2790 1070 2864 potes.

740 2931 806 2995 LV.

353 3054 432 3132 Quod
446 3077 628 3138 quacunque
641 3061 744 3137 venis,
767 3061 911 3121 Cosmum
928 3060 1061 3140 migrare
1074 3065 1215 3141 putamus

386 3140 426 3201 nt
435 3143 537 3203 fluere
551 3161 679 3203 excussa
695 3145 835 3203 cinnama
848 3144 917 3203 fusa
931 3146 1029 3222 vitro,

351 3220 420 3285 Nola
433 3227 610 3306 peregrinis
624 3226 749 3309 placeas
763 3228 839 3306 tibi,
861 3226 981 3307 Gellia,
1004 3228 1102 3306 nugis.

386 3308 467 3390 Scis,
489 3316 583 3392 puto,
604 3330 697 3393 posse
713 3331 813 3372 meum
829 3313 874 3372 sic
888 3313 969 3372 bene
984 3311 1071 3372 olere
1085 3327 1200 3371 canem.

739 3460 818 3523 LVI.

350 3584 538 3648 siccatam
551 3589 643 3668 mihi,
665 3609 757 3671 quam
768 3572 882 3670 vinca,
895 3587 976 3650 malo
991 3589 1170 3671 Ravennae,

385 3671 458 3733 (ium
476 3673 593 3754 possim
606 3672 703 3735 multa
717 3673 855 3736 vendere
868 3672 969 3756 pluris
983 3693 1101 3754 aquam.
