3267 4409
479 448 820 513 EPIGRAMMATCN
833 452 907 516 LIB.
920 452 1002 553 XIV.
1197 455 1261 522 337

473 705 475 709 ,
495 651 600 715 CLIV.
621 652 732 716 Lunae
747 609 984 737 amethystinae.
1085 622 1094 639 ⁸

304 749 404 812 Ebria
419 746 565 811 Sidoniae
582 771 650 812 cum
664 755 721 813 eIm
731 753 775 814 de
790 756 939 834 sanguiue
954 755 1108 837 conchae,

345 834 416 895 Non
430 832 539 915 video,
560 854 655 916 quere
669 839 772 898 sobria
785 836 855 899 Inna
868 857 970 902 vocer.

459 1016 468 1026 .
570 970 661 1034 CLV.
685 970 797 1036 Lunae
810 974 911 1035 albae.

301 1065 481 1130 Velleribus
495 1069 603 1148 primis
617 1071 767 1151 Appulia,
789 1074 899 1133 Parme
912 1071 1055 1134 necundin

342 1150 479 1213 Nobilis:
500 1151 640 1215 Altinum
654 1153 749 1216 tcitia
762 1153 868 1217 laudat
881 1157 955 1218 ovio.

547 1288 649 1350 CLVI.
673 1289 783 1351 Lonue
802 1291 924 1370 Vistn'ue.

300 1383 364 1444 Non
378 1384 640 1448 Lacedaemoniae
654 1396 762 1468 pastor
777 1388 901 1450 donavit
915 1390 1038 1452 amicae.

342 1471 489 1531 Deterior
501 1472 606 1532 Ledae
619 1493 756 1554 purpura
770 1476 876 1534 matria
891 1481 967 1536 erat.

500 1606 616 1669 CLVII.
639 1606 749 1669 Lunae
761 1608 967 1669 Pollentinae.

279 1751 283 1763 .
299 1702 369 1763 Non
381 1709 499 1763 tantum
512 1702 603 1783 pullo
611 1703 753 1784 lugentes
767 1704 886 1766 vellere
897 1685 1004 1784 'lanam

341 1787 405 1848 Sed
418 1786 499 1848 solet
513 1794 546 1848 et
561 1787 675 1850 calices
688 1791 765 1850 haec
781 1788 856 1850 dare
870 1795 956 1851 terra
976 1808 1058 1850 euos.

558 1949 560 1954 ·
616 1922 746 1985 CLVilI.
767 1924 863 1985 Idem.

297 2019 380 2079 Lanu
395 2017 519 2097 quidem
535 2019 651 2096 tristia,
672 2018 729 2079 sed
741 2023 839 2080 tonsis
853 2027 926 2080 netu
943 2020 1109 2099 ministris,

339 2100 454 2182 Quale·
469 2123 531 2162 non
545 2106 645 2182 primo
665 2102 705 2163 de
721 2122 938 2184 gregemensa
954 2104 1039 2165 citet.
1145 2194 1148 2199 ι

457 2237 559 2298 CLIX.
585 2236 770 2299 Tomentum
786 2237 1008 2302 Leuconicum.

297 2335 472 2416 Oppressae
487 2334 728 2395 nimiumvieina
743 2341 792 2395 est
805 2335 901 2396 foscia
914 2333 1058 2416 plumae?

336 2417 466 2482 Vellera
479 2419 663 2479 Leuconicie
679 2420 785 2500 accipe
802 2439 871 2480 rasa
885 2421 974 2500 nagia.

495 2552 586 2614 CLX.
610 2551 794 2616 Tomentum
809 2539 965 2616 Circense.

299 2651 486 2712 Tomentum
501 2652 623 2712 concisa
636 2651 726 2732 palus
742 2653 891 2713 Circense
905 2657 1042 2715 vocetur.

336 2736 423 2796 Haec
437 2755 495 2816 pro
509 2734 684 2802 Leuconico
699 2738 846 2798 stramina
859 2755 976 2818 pauper
993 2739 1077 2799 emIt.

470 2908 472 2913 -
604 2869 708 2934 CLXI.
731 2869 854 2932 Pluma.

292 2969 404 3030 Lassus
419 2968 585 3048 Amyclaea
602 2971 722 3048 poteeio
736 2970 937 3048 requiescere
954 2969 1076 3050 pluma.

333 3054 467 3114 Interior
482 3054 573 3132 cygni
587 3072 677 3132 quam
692 3054 751 3113 tibi
763 3052 833 3113 lana
849 3051 946 3116 dedit.
1079 3129 1082 3133 Ι

583 3186 699 3248 CLXII.
723 3187 870 3248 Faenum.

290 3285 446 3347 Fraudata
461 3293 578 3348 tumeat
591 3286 711 3369 fragilis
728 3288 785 3347 tibi
800 3283 1015 3347 euloItamnla.

333 3371 403 3433 Non
418 3373 503 3432 venIt
519 3370 558 3431 ed
573 3371 667 3432 duroe
681 3370 797 3452 pallida
811 3390 884 3431 cura
897 3375 993 3432 toros.

517 3505 645 3568 CLXIII.
672 3505 938 3567 Ta‘ntinnadulum.

290 3604 399 3665 Redde
414 3603 523 3685 pilamz
543 3613 632 3666 conat
646 3625 698 3667 aea
713 3608 912 3668 thermarum.
940 3603 1065 3669 Ludere
1077 3599 1207 3687 pergis?

288 3689 460 3835 Mnipgine
474 3691 519 3750 vis
537 3690 602 3751 sola
616 3688 700 3752 lotus
718 3693 804 3753 abite
819 3689 1010 3817 ‘³⁰¹¹¹¹¹¹·'¹·.··7·³
1039 3748 1069 3799 '¹.
1091 3764 1097 3775 ἱ
