3267 4409
683 466 728 530 M.
743 464 837 535 VAL.
851 466 1078 530 MARTIALIS

800 672 964 736 LXXVIII.

444 791 528 867 Quos
544 791 674 867 cuperet
686 782 860 864 Phlegraea
875 805 946 846 suos
959 786 1089 845 victoria
1102 783 1210 864 ludos,

484 873 589 935 Indica
604 890 681 950 quos
695 876 826 950 cuperet
839 890 966 950 pompa,
987 871 1106 948 Lyaee‚
1129 878 1216 948 tuos,

441 959 533 1021 Fecit
547 957 746 1036 Hyperborei
763 954 940 1014 celebrator
955 954 1055 1014 Stella
1069 955 1236 1036 triumplu,

485 1045 512 1104 0
529 1041 644 1122 pudor!
667 1040 814 1119 opIetas!
838 1045 871 1098 et
885 1045 974 1119 putat
991 1057 1060 1099 esse
1075 1059 1194 1119 parum.

421 1129 513 1191 5Non
527 1125 576 1186 illi
592 1126 666 1185 satis
686 1130 735 1183 est
748 1126 872 1183 turbato
888 1123 1033 1184 sordidus
1048 1144 1122 1185 auro
1201 1161 1204 1167 -

484 1213 618 1272 Hermus
634 1215 666 1268 et
680 1209 836 1288 Hesperio
852 1209 905 1287 qui
919 1215 1008 1268 sonat
1022 1210 1099 1270 orbe
1115 1208 1230 1288 Tagus.

443 1298 550 1357 Omnis
564 1296 660 1356 habet
674 1313 728 1353 sua
743 1293 824 1353 dona
835 1292 925 1367 >dies3
946 1311 1005 1353 nec
1018 1291 1103 1354 linea
1118 1292 1205 1354 dives

485 1383 613 1456 Cessat,
636 1385 669 1439 et
684 1379 717 1438 in
730 1377 876 1458 populum
892 1377 987 1437 multa
1000 1378 1108 1459 rapina
1123 1377 1215 1440 cadit.
1239 1408 1243 1415 ·

441 1465 529 1527 Nune
543 1465 672 1524 veniunt
688 1464 797 1523 subitis
812 1461 924 1522 IascIva
937 1463 1117 1523 nomismata
1133 1463 1262 1544 nimbis,
1279 1529 1282 1533 ,

399 1561 434 1613 10
481 1551 569 1610 Nunc
585 1548 638 1608 dat
652 1553 806 1628 spectatas
822 1553 942 1607 tessera
953 1545 1040 1626 larga
1051 1547 1152 1626 ieras,

321 1654 324 1669 ·
441 1635 529 1695 Nunc
542 1631 675 1713 implere
690 1634 774 1691 sinus
790 1650 915 1691 securos
931 1630 1044 1709 gaudet
1058 1638 1091 1692 et
1105 1634 1216 1692 absens

485 1719 623 1778 Sortitur
642 1716 798 1793 dominos,
821 1735 861 1775 ne
878 1715 1053 1796 laceretur,
1074 1718 1146 1778 aris.

442 1802 525 1881 Quid
537 1820 697 1863 numerem
714 1819 822 1860 currus
838 1806 888 1860 ter
903 1799 1045 1879 denaque
1060 1803 1196 1882 praemia
1209 1801 1349 1885 palmae,

484 1890 569 1966 Quae
585 1887 659 1947 dare
675 1905 738 1946 non
752 1903 876 1965 semper
891 1884 998 1945 consul
1015 1890 1151 1966 uterque
1163 1886 1268 1952 soleti

400 1985 433 2038 15
441 1975 551 2035 Omnia
564 1971 635 2051 sed,
658 1972 787 2049 Caesar,
806 1975 894 2030 tanto
910 1982 1095 2050 superantur
1107 1973 1245 2053 honore,

424 2133 428 2139 ι
467 2066 471 2073 ’
485 2057 575 2136 Quod
590 2063 797 2139 spectatorem
813 2062 846 2117 te
860 2063 913 2116 tua
926 2053 1030 2127 laurus
1044 2057 1147 2120 hahet.
1248 2100 1251 2105 -

809 2183 946 2248 LXXIX.

445 2286 559 2345 Omnes
575 2289 627 2358 aut
641 2279 761 2342 vetulas
776 2283 873 2344 habes
889 2285 1016 2361 amicas,

440 2370 503 2429 Aut
517 2375 625 2447 turpes
639 2366 813 2446 vetulisque
831 2366 998 2452 foediores.

440 2453 505 2511 IIas
520 2452 606 2511 ducIs
621 2452 749 2511 comites
765 2452 925 2531 trahisque
940 2459 1042 2513 tecum

441 2538 504 2596 Per
518 2537 670 2613 convivia,
693 2537 847 2613 porticus,
869 2538 1000 2600 theatra.

350 2692 353 2697 .
442 2621 493 2681 Sic
507 2621 659 2699 formosa,
679 2618 824 2695 Fabulla,
847 2621 891 2680 sic
905 2619 1010 2702 puella
1024 2641 1066 2685 es.

812 2747 935 2810 LXXX.
1040 2778 1045 2783 ·

442 2846 624 2906 Sanctorum
640 2848 729 2906 nobis
744 2846 894 2908 miracula
908 2848 1015 2910 reddis
1030 2871 1170 2930 avorum,

482 2931 547 2991 Nec
562 2933 696 3010 pateris,
719 2932 850 3012 Caesar,
873 2933 995 2995 saecula
1011 2956 1085 2995 cana
1098 2938 1195 3015 mori,

442 3017 519 3077 Cum
533 3023 658 3076 veteres
671 3016 778 3078 Latiae
796 3018 876 3079 ritus
890 3027 1077 3081 renovantur
1091 3021 1229 3082 harenae

481 3102 524 3162 Et
538 3108 656 3181 pugnet
669 3104 767 3163 virtus
781 3103 972 3184 simpliciore
987 3125 1086 3167 manu.

442 3186 493 3246 Sic
508 3187 620 3266 priscis
635 3194 773 3248 serratus
787 3189 886 3249 honos
902 3196 934 3249 te
948 3189 1093 3269 praeside
1106 3188 1250 3273 templis,
1300 3232 1303 3237 -

482 3271 523 3330 Et
540 3291 608 3332 casa
625 3279 687 3333 tam
702 3272 786 3333 culto
802 3275 858 3333 sub
873 3273 943 3333 Iove
958 3292 1070 3334 numen
1088 3275 1199 3349 habet;

443 3354 495 3415 Sic
511 3375 589 3415 nova
604 3356 675 3416 dum
691 3356 817 3434 condis,
839 3375 965 3416 revocas
974 3388 986 3434 ‚1
1006 3359 1162 3436 Anguste,
1182 3359 1305 3440 priores

482 3440 644 3501 Debentur
660 3447 826 3522 quaesunt
845 3459 985 3521 quaeque
1000 3441 1090 3503 fuere
1106 3444 1173 3505 tibi

806 3551 942 3615 LXXXI.

438 3649 507 3709 Non
524 3669 582 3731 per
596 3651 724 3730 mystica
739 3671 825 3711 sacra
840 3649 1065 3732 Dindymenes,

435 3735 503 3795 Nec
512 3753 573 3818 per
586 3733 723 3796 Niliacae
739 3738 847 3797 bovem
861 3737 1024 3817 iuvencae,
