3267 4409
357 542 421 613 82‘
684 561 720 609 n.
742 560 813 610 nm.
836 560 1023 611 1uvnuuu1s

357 704 396 765 Et
417 720 567 782 numquam
585 701 657 761 visis
678 701 795 779 triginta
818 701 897 762 clara
919 700 1062 762 mamillis.

359 789 485 848 Tandem
506 787 591 846 intrat
610 786 721 864 positas
743 785 855 845 inclusa
874 804 928 865 per
950 803 1079 864 aequora
1099 786 1194 846 moles

359 872 595 948 Tyrrhenamque
616 870 727 948 pharon
748 878 944 949 porrectaque
967 869 1085 931 brachia
1106 888 1230 948 rursum,

360 956 442 1031 Quae
463 955 570 1034 pelago
594 961 748 1013 occurrunt
766 953 862 1013 medio
884 954 1032 1032 longeque
1053 954 1220 1034 relinquunt

359 1040 470 1102 Italiam
488 1039 567 1117 (uon
590 1039 743 1115 sicigitur
760 1037 905 1097 mirabere
926 1046 1039 1117 portus,
1127 1095 1130 1101 .

359 1124 440 1199 Quos
461 1121 697 1201 naturadedit);
719 1121 895 1182 sed-trunca
917 1139 1015 1200 puppe
1035 1122 1174 1200 magister

358 1207 498 1269 Interiora
519 1207 592 1285 petit
613 1205 737 1267 Baianae
755 1206 856 1284 pervia
880 1205 1012 1281 cymbae,

359 1291 423 1352 'luti
446 1301 548 1368 stagna
569 1290 664 1366 sinus,
686 1289 813 1367 gaudent
834 1289 884 1348 ubi
904 1291 1017 1349 vertice
1038 1307 1106 1350 raso

359 1375 480 1436 Garrula
501 1375 608 1434 securi
619 1392 737 1434 narrare
754 1373 886 1453 pericula
907 1382 1020 1434 nautae.

400 1460 443 1519 lte
463 1460 566 1536 igitur,
589 1459 691 1536 pueri,
712 1458 819 1535 linguis
842 1459 1001 1536 animisque
1023 1458 1167 1537 faventes,

360 1545 503 1622 Sertaque
525 1542 655 1602 delubris
676 1550 706 1600 et
724 1542 801 1603 farra
824 1541 961 1620 imponite
983 1543 1082 1603 cultris

358 1627 404 1688 Ac
424 1627 530 1687 molles
545 1635 651 1687 ornate
673 1626 964 1705 iuc'osglebamque¹
977 1626 1132 1686 virentem!

359 1710 418 1772 lam
440 1728 547 1787 sequar
559 1719 600 1789 ,et
621 1728 722 1786 sacru,
741 1711 820 1790 quod
842 1718 988 1788 praestat,
1006 1711 1061 1770 rite
1084 1718 1204 1788 peracto
1249 1746 1251 1751 ·

358 1794 428 1855 lude
451 1794 564 1854 domum
587 1802 735 1872 repetam,
752 1794 880 1870 graciles
901 1794 951 1852 ubi
972 1811 1062 1872 parva
1085 1811 1232 1856 coronas

358 1878 513 1957 Accipiunt
535 1878 631 1954 fragili
651 1877 805 1937 simulacra
826 1878 944 1936 nitentia
963 1895 1042 1937 cera.
1184 1875 1186 1880 ’

358 1963 413 2024 llic
432 1970 560 2022 nostrum
583 1961 707 2040 placabo
728 1959 828 2021 lovem
848 1959 1027 2038 Laribusque
1049 1964 1180 2040 paternis

359 2047 435 2107 'lura
456 2046 531 2107 dabo
554 2054 641 2124 atque
664 2063 764 2105 omnes
785 2045 883 2105 violae
904 2045 1019 2119 iactabo
1041 2045 1191 2108 colores.⁴

360 2129 471 2191 Cuncta
492 2130 596 2199 niteut;
616 2129 722 2207 longos
744 2131 839 2191 erexit
858 2132 941 2189 ianua
964 2146 1060 2190 ramos

357 2215 396 2275 Et
417 2215 559 2275 matutinis
579 2223 718 2293 operatur
740 2214 815 2274 festa
835 2213 972 2274 lucernis.

357 2298 422 2358 Nec
445 2307 581 2376 suspecta
603 2297 655 2357 tibi
677 2299 732 2358 siut
751 2295 841 2374 b'aec,
865 2295 1007 2359 corvine:
1032 2297 1188 2376 Catullus.
1217 2307 1219 2311 ’

358 2381 414 2442 Pro
436 2383 516 2442 cuius
537 2382 632 2442 reditu
653 2389 696 2442 tot
716 2399 794 2462 pono
818 2382 929 2459 altaria,
953 2396 1062 2462 parvos
1110 2390 1113 2395 ’

360 2465 434 2526 'lres
456 2466 543 2525 babet
564 2465 701 2526 heredes.
745 2466 829 2526 bibet
850 2477 1043 2545 exspectare,
1067 2467 1131 2547 quis
1148 2485 1265 2546 aegram
1309 2477 1345 2533 95

358 2547 396 2610 lli
417 2549 600 2610 claudentem
622 2550 724 2612 oculos
746 2551 882 2628 gallinam
902 2543 1048 2630 impendat
1069 2552 1161 2613 amico

359 2632 429 2694 Tam
446 2632 551 2702 ste'rili;
572 2651 672 2694 verum
692 2634 766 2695 haec
787 2636 872 2696 nimia
894 2643 939 2695 est
959 2637 1103 2723 impensa}
1126 2636 1259 2695 coturnix

357 2715 444 2778 Nulla
463 2734 595 2795 umquam
615 2733 669 2796 pro
686 2719 775 2797 'patre
794 2719 888 2780 cadet.
911 2719 1047 2780 -Seutire
1068 2720 1196 2780 calorem

358 2800 390 2862 Si
410 2800 508 2879 coepit
530 2799 665 2880 locuples
687 2800 802 2865 Gallitta
824 2811 853 2863 et
873 2803 995 2866 Paccius
1018 2802 1092 2882 orbi,

357 2884 499 2963 Legitima
521 2884 587 2945 lixis
607 2887 730 2947 vestitur
751 2895 812 2949 tota
832 2887 941 2949 libellis
1081 2924 1085 2935 ·
1294 2899 1344 2951 100

358 2969 508 3045 Porticus,
532 2971 675 3031 exsistunt
696 2971 744 3051 qui
768 2973 936 3052 promittant
955 2971 1165 3043 hecatombeu;

359 3053 507 3126 Quatenus
528 3052 576 3114 bic
594 3072 653 3116 non
672 3064 736 3116 sunt
757 3074 814 3117 nec
835 3057 958 3130 venales
979 3057 1137 3136 elephanti,

356 3135 422 3197 Nec
442 3137 522 3198 Latio
546 3146 594 3199 aut
615 3157 735 3220 usquam
756 3141 810 3201 sub
831 3150 932 3202 nostro
959 3141 1056 3202 sidere
1078 3141 1146 3204 talis

356 3221 459 3295 bellua
481 3224 660 3301 concipitur,
684 3225 736 3284 scd
759 3225 841 3286 furva
855 3234 950 3303 gente
976 3226 1067 3304 petita
1150 3252 1154 3259 ·

357 3306 520 3389 Arboribus
542 3307 654 3369 Rutulis
677 3318 709 3370 ct
727 3309 965 3390 'lurni'pascitur
983 3327 1067 3386 agro,
1294 3319 1345 3372 105

359 3388 495 3450 Caesaris
517 3402 690 3468 armentum,
711 3393 782 3454 nulli
803 3395 914 3454 servire
937 3402 1066 3472 paratum

357 3474 486 3543 Privatc;
510 3476 652 3555 siquidem
667 3472 762 3553 'Tyrio
783 3496 887 3556 parere
911 3475 1046 3536 solebant

358 3556 509 3618 Hannibali
531 3569 560 3619 et
576 3564 683 3621 nostris
706 3561 826 3625 ducibus
845 3561 967 3639 regique
989 3559 1121 3621 Molosso

357 3640 465 3701 Horum
485 3644 612 3704 maiores
631 3663 666 3705 ac
688 3646 777 3705 dorso
799 3645 880 3705 ferre
903 3643 1042 3705 cohortes

357 3723 472 3785 Partem
492 3727 616 3805 aliquam
634 3727 764 3808 bellique
786 3738 815 3789 et
838 3736 952 3788 euntem
972 3730 999 3788 in
1018 3729 1131 3808 proelia
1147 3738 1263 3789 turrem.
1293 3741 1345 3794 110

356 3806 442 3870 Nulla
459 3810 546 3888 igitur
567 3828 648 3875 mora
667 3831 722 3893 per
742 3810 880 3891 Novium,
903 3830 984 3891 mora
1005 3813 1084 3876 uuila
1103 3832 1157 3892 per
1176 3812 1302 3873 Histrum
1335 3836 1337 3840 ·
