3267 4409
286 265 1353 355 ν

329 583 348 644 8
753 589 867 638 PERSII

328 729 487 794 Venimus?
508 741 538 794 at
559 751 610 793 cur
630 748 688 792 nou
714 730 810 809 potius
834 739 995 810 teneroque
1020 727 1154 791 columbo

249 840 254 857 ¹
328 816 366 877 llt
388 816 487 876 similis
508 834 609 894 regum
630 816 728 893 pueris
753 833 884 893 pappare
906 818 1040 874 minutum

329 901 428 961 Poscis
451 908 480 958 et
500 902 589 959 iratus
611 908 749 958 mammae
770 899 872 957 lallare
894 894 1089 959 recusas?-

329 985 374 1043 dn
396 982 446 1042 tali
468 982 599 1042 studeam
621 979 754 1042 calamo?
769 1012 811 1028 -
833 979 884 1040 Cui
907 977 1020 1040 verba?
1045 980 1113 1057 quid
1135 981 1206 1039 istas

329 1068 460 1127 Succinis
483 1063 642 1144 ambages?
664 1065 715 1126 tibi
737 1063 857 1133 luditur;
884 1065 978 1125 ellluis
1000 1081 1113 1131 ameus;
1273 1072 1309 1124 20

294 1146 296 1154 '
330 1149 535 1210 Contemnere!
567 1151 656 1208 Sonat
678 1149 776 1208 vitium
797 1165 954 1225 percussa,
978 1146 1102 1224 maligne

329 1232 500 1312 Respondet
518 1232 601 1292 viridi
621 1248 679 1291 uon
700 1240 785 1291 cocta
805 1230 909 1292 fidelia·
924 1232 1002 1291 limo.

329 1317 421 1377 Udum
443 1325 472 1374 et
494 1314 582 1375 molle
608 1315 696 1375 lutum
718 1333 768 1391 cs,
793 1333 960 1374 nuncnunc
979 1312 1179 1393 properandus
1200 1321 1229 1371 et
1248 1314 1310 1371 acri

329 1399 493 1478 Fingendus
516 1400 578 1458 eine
601 1399 659 1458 line
681 1408 755 1458 rota.
790 1398 849 1456 Sed
873 1417 939 1458 rure
963 1407 1084 1476 paterno

329 1483 382 1543 Est
403 1484 455 1543 tibi
475 1485 520 1544 lar
545 1483 704 1556 modicum,
731 1499 832 1559 purum
853 1490 882 1540 et
904 1483 965 1540 sine
987 1481 1054 1540 labe
1076 1480 1249 1538 salinum—
1275 1487 1310 1540 25

330 1567 405 1640 Quid
425 1563 612 1627 metuasl-
633 1567 796 1643 cultrixque
817 1565 876 1623 loci
899 1582 1001 1624 secura
1026 1563 1143 1641 patella.

329 1651 393 1709 Hoc
414 1648 503 1708 satis?
527 1668 562 1709 au
584 1649 689 1709 deceat
710 1649 875 1727 pulmonem
895 1665 1029 1726 rumpere
1051 1647 1154 1722 ventis,

330 1735 487 1793 Stemmata
509 1733 586 1810 quod
608 1732 704 1793 Tusco
726 1750 834 1792 ramum
855 1731 1006 1791 millesime
1025 1729 1123 1806 ducis,

242 1814 246 1821 ’
331 1815 528 1876 censoremve
551 1825 629 1874 tuum
651 1816 700 1875 vel
723 1815 801 1893 quod
822 1814 953 1875 trabeate
975 1811 1106 1873 salutas?

330 1901 376 1960 Ad
399 1894 544 1979 populum
559 1899 708 1978 phaleras!
732 1915 789 1975 ego
813 1907 843 1957 te
865 1899 940 1957 intus
963 1908 991 1957 et
1014 1900 1042 1955 in
1065 1906 1130 1956 oute
1152 1894 1230 1953 novi.
1273 1901 1310 1955 30

330 1983 395 2043 Nou
416 1983 506 2062 pudet
526 1983 562 2042 ad
584 1998 692 2042 morem
715 1981 847 2042 discincti
869 1983 969 2041 vivere
992 1977 1119 2040 Nattae?
1276 1991 1279 1998 ·

330 2067 390 2127 Sed
416 2077 512 2145 stupet
534 2066 581 2126 bic
604 2068 691 2142 vitio,
713 2065 794 2125 libris
815 2067 938 2125 increvit
959 2067 1083 2144 opimum

330 2151 455 2228 Pingue,
479 2159 558 2210 caret
580 2150 678 2228 culpa,
701 2150 796 2209 nescit
815 2149 883 2227 quid
906 2149 1023 2226 perdat,
1047 2157 1076 2206 et
1098 2146 1157 2206 alto

331 2234 488 2293 Demersus
510 2252 617 2294 summa
638 2251 749 2292 rursum
770 2250 828 2292 uon
849 2232 931 2291 bullit
950 2235 979 2291 iu
1000 2232 1083 2291 unda.

331 2317 436 2395 blegne
461 2327 544 2394 pater
566 2318 677 2393 divum,
703 2334 809 2376 saevos
832 2317 932 2394 punire
954 2325 1092 2391 tyrannos
1276 2323 1310 2374 35

331 2401 413 2460 Haud
435 2400 491 2460 alia
512 2403 622 2460 ratione
644 2401 737 2477 velis,
762 2419 848 2480 quum
870 2401 932 2459 dira
954 2399 1043 2461 libido

332 2484 455 2543 llloverit
478 2486 623 2560 ingenium
647 2486 772 2544 ferventi
792 2487 880 2544 tincta
902 2500 1031 2542 veneno:

331 2568 472 2627 Virtutem
494 2568 610 2627 videant
630 2567 869 2646 intabescantque
894 2566 1007 2626 relicta.

332 2650 415 2709 Anne
437 2652 527 2727 magis
550 2651 639 2710 Siculi
662 2661 833 2729 gemuerunt
855 2668 923 2710 aera
945 2650 1071 2723 iuvenci,

332 2733 369 2793 Et
389 2735 481 2810 magis
503 2737 609 2794 auratis
633 2733 764 2813 pendens
785 2733 969 2813 laquearibus
995 2733 1075 2792 ensis
1277 2741 1313 2792 40

332 2816 494 2896 Purpureas
518 2817 618 2877 subter
640 2820 772 2878 cervices
794 2819 912 2893 terruit,
933 2819 1022 2892 imus,

332 2901 416 2962 lmus
429 2905 632 2980 praccipites,
655 2921 739 2980 quam
761 2903 784 2960 si
807 2902 863 2961 sibi
885 2901 962 2961 dicat
986 2908 1015 2959 et
1036 2900 1111 2960 intus

332 2984 443 3044 Palleat
463 2986 580 3061 infelix,
608 2986 685 3065 quod
706 2988 837 3064 proxima
858 2987 970 3045 nesciat
991 2980 1085 3043 uxori

375 3071 472 3148 Saepe
496 3069 616 3146 oculos,
643 3071 772 3146 memini,
797 3068 950 3146 tangebam
976 3086 1082 3146 parvus
1104 3066 1194 3141 oliuo,

334 3153 456 3214 Grandia
479 3155 503 3212 si
526 3153 634 3213 uollem
655 3155 784 3213 morituri
807 3155 897 3212 verba
919 3150 1037 3212 Catonis
1278 3156 1312 3209 45

263 3293 266 3298 ,
334 3238 440 3297 Dicere
464 3246 493 3297 et
512 3238 613 3297 insano
635 3237 752 3297 multum
775 3235 915 3297 laudanda
936 3237 1085 3312 magistro,

334 3320 416 3393 Quae
437 3330 520 3399 pater
543 3321 674 3381 adductis
694 3321 800 3380 sudans
824 3320 936 3379 audiret
958 3320 1065 3378 amicis.
1219 3386 1222 3391 Δ

334 3403 416 3472 lure;
440 3406 545 3464 etenim
568 3404 595 3464 id
617 3417 774 3481 summum,
797 3403 865 3482 quid
887 3402 991 3462 dexter
1013 3401 1095 3459 senio
1119 3398 1220 3473 ferret,

334 3488 418 3546 Scire
441 3498 503 3548 erat
526 3491 555 3546 in
576 3498 659 3558 voto;
682 3489 819 3547 damnosa
843 3487 973 3546 canicula
999 3491 1133 3561 quantum

334 3568 476 3639 Raderet;
500 3582 640 3648 angustae
664 3572 741 3631 collo
765 3588 823 3629 uon
845 3569 941 3629 fallier
962 3583 1065 3630 orcae:
1268 3575 1315 3646 150

334 3651 397 3712 Neu
422 3657 485 3732 quis
508 3654 641 3714 callidior
661 3649 768 3714 buxum
790 3663 928 3730 torquere
949 3647 1078 3726 llagello.

334 3735 414 3796 llaud
436 3737 486 3796 tibi
510 3740 690 3817 inexpertum
712 3754 817 3796 curvos
839 3732 1022 3812 deprendere
1045 3750 1154 3810 mores,

335 3819 474 3900 Quaeque
497 3821 584 3881 docet
607 3823 724 3900 sapiens
744 3817 889 3878 braccatis
912 3816 985 3877 illita
1005 3815 1097 3877 bladis
