3267 4409
657 460 782 509 sabino
804 462 879 511 vm.

287 604 450 667 tinctum
472 609 503 661 et
524 598 651 661 dammas
672 599 804 660 domibus
826 600 1002 681 templisque
1022 604 1142 681 paratis,

298 689 334 751 Ut
357 688 564 749 braccarorum
588 685 670 763 pueri
693 686 897 763 Senonumque
917 686 1054 761 minores,

298 772 369 833 Ausi
390 768 469 851 quod
496 768 583 829 liceat
605 769 699 829 tunica
724 770 824 845 punire
848 768 981 829 molesta.

298 856 356 919 Sed
378 853 484 931 vigilat
507 850 608 913 consul
630 851 799 929 vexillaque
821 862 918 913 vestre
940 863 1075 915 coercet:

298 940 349 1003 llic
372 954 469 999 novus
491 935 632 1015 Arpinas,
660 936 796 1013 ignobilis
815 947 845 996 et
864 938 951 997 modo
974 936 1085 1001 Romae

297 1020 484 1101 Huniclpalis
506 1036 616 1099 eques,
643 1020 786 1096 galeatum
810 1022 890 1099 pouit
908 1021 1016 1100 ubique

298 1106 479 1169 Praesidium
501 1104 628 1163 attonitis
650 1113 680 1163 et
701 1105 729 1162 in
752 1106 829 1163 omrri
850 1115 946 1165 moute
969 1104 1091 1166 laborat.

297 1192 422 1253 lautum
442 1189 528 1266 igitur
548 1203 644 1247 muros
665 1187 737 1246 intra
758 1197 826 1264 loga
847 1189 966 1249 contulit
986 1187 1028 1248 illi
1234 1204 1286 1255 uso

298 1274 431 1336 dominis
457 1288 494 1332 ac
518 1270 608 1345 tituli,
635 1280 768 1351 quantum
789 1273 838 1331 vix
857 1271 1009 1347 leucade,
1032 1283 1167 1351 quantum

297 1356 474 1421 Thessaliae
497 1356 607 1432 campis
630 1352 767 1414 Octavius
789 1355 906 1416 abstulit
928 1356 1004 1416 udo‘

297 1441 447 1505 Caedibus
469 1438 592 1499 assiduis
613 1438 727 1515 gladio:
752 1438 805 1499 sed
827 1438 917 1500 lloma
940 1448 1101 1518 parentem,

297 1527 392 1587 llorne
416 1532 528 1603 patrem
552 1524 662 1601 patriae
686 1519 859 1582 Ciceronem
883 1523 975 1583 libera
997 1524 1078 1584 dixit.

296 1612 429 1691 Arpinas
450 1606 525 1667 alius
546 1604 719 1665 Volscorum
743 1608 770 1666 in
792 1616 889 1666 moute
911 1605 1029 1667 solebat
1236 1622 1287 1675 245

296 1695 432 1756 Poscere
455 1690 624 1761 mercedes,
648 1690 743 1749 alieno
768 1690 862 1751 lassus
885 1700 996 1759 aratro:

295 1778 451 1841 liodosam
477 1782 544 1851 post
567 1772 640 1833 baec
662 1773 814 1852 inungebat
836 1778 947 1836 vertice
970 1778 1068 1853 vitem,

296 1866 326 1925 Si
348 1862 449 1923 lentus
474 1859 556 1935 pigra
579 1857 701 1916 muniret
723 1867 817 1919 castra
839 1858 976 1919 dolabra:
1025 1928 1029 1933 ¹

296 1946 350 2008 llic
374 1952 474 2005 tamen
496 1951 526 2001 et
549 1938 681 2001 Cimbros
703 1951 732 2002 et
754 1959 861 2001 summu
883 1942 1015 2020 pericula
1038 1960 1135 2005 rerum

296 2028 438 2108 Excipit,
462 2034 490 2085 ct
513 2024 594 2084 solus
617 2026 806 2102 trepidantem
829 2020 956 2103 protegit
979 2025 1096 2095 urbem;
1236 2040 1287 2091 oso

296 2114 398 2193 Atque
422 2108 505 2183 ideo,
530 2117 681 2187 postquem
704 2110 738 2169 ad
761 2107 894 2169 Gimbros
916 2119 1101 2187 stragemque
1120 2110 1270 2187 uelabant,

297 2196 354 2273 out
381 2210 535 2273 numquam
558 2195 711 2270 attigerant
733 2195 840 2254 maiora
860 2194 1020 2271 cadavera,
1042 2196 1134 2269 corvi,

296 2280 419 2343 Nobilis
441 2286 559 2338 ornatur
581 2276 662 2337 lurrro
685 2278 800 2355 collega
823 2277 959 2337 secunda.

251 2376 255 2391 ·
297 2364 442 2427 Plebeiae
466 2361 623 2421 Deciorum
645 2364 770 2437 animae,
792 2360 908 2440 plebeia
930 2360 1045 2421 luerunt

252 2478 254 2483 ·
297 2450 440 2511 Nomina:
463 2461 517 2525 pro
539 2446 607 2505 totis
631 2444 796 2522 legionibus
817 2446 846 2505 hi
864 2455 959 2506 tamen
980 2455 1010 2505 et
1028 2463 1083 2526 pro
1237 2456 1288 2509 '255

252 2602 254 2607 ,
298 2531 441 2595 Omnibus
464 2528 577 2588 auxiliis
595 2537 682 2608 utque
704 2532 781 2589 omni
801 2529 880 2610 pube
901 2530 999 2591 butino

297 2616 455 2680 Sufficiunt
478 2613 521 2672 dis
544 2612 663 2671 iniernis
685 2622 843 2694 terraeque
866 2617 995 2694 pareoti;

297 2700 395 2764 Pluris
419 2698 493 2757 enim
517 2696 616 2769 Decii,
640 2714 724 2775 quum
748 2716 823 2776 quae
844 2709 995 2759 servantur
1016 2700 1052 2759 ab
1075 2702 1142 2761 illis.

297 2783 419 2857 Ancilla
444 2772 676 2840 nutrrs‘trabeum
697 2791 726 2840 et
747 2783 878 2842 diadema
901 2781 1010 2854 Quirini
1130 2775 1140 2793 ‘

297 2870 333 2931 br
357 2868 459 2929 iasces
481 2866 583 2924 meruit
604 2884 705 2942 regum
725 2864 840 2925 ultimus
860 2865 911 2925 ille
931 2865 1085 2925 bonorum:
1238 2874 1289 2927 260

296 2952 420 3016 Prodita
443 2948 579 3010 laxabant
600 2959 746 3028 portarum
767 2949 893 3008 claustra
912 2951 1039 3024 tyrannis

296 3034 447 3099 Exulibua
467 3035 588 3092 iuvenes
611 3034 701 3110 ipsius
726 3033 854 3093 consulis
877 3042 907 3092 et
928 3039 1003 3111 qios

294 3121 440 3201 llagnum
462 3116 567 3194 aliquid
592 3116 677 3178 dubia
698 3134 751 3195 pro
774 3116 909 3177 libertate
931 3118 1062 3193 deceret,

295 3204 390 3281 Quod
416 3202 568 3260 miraretur
590 3220 652 3261 com
679 3199 792 3261 Coclite
813 3199 925 3261 Mucius
950 3212 979 3261 et
1000 3219 1076 3280 quae

294 3287 422 3372 Imperii
438 3286 510 3344 lines
527 3283 691 3345 'lilreriourn
711 3286 795 3364 virgo
808 3287 932 3345 notavit.
1238 3292 1288 3343 toi

294 3372 428 3437 Occulta
452 3369 487 3430 ad
510 3378 610 3447 putres
631 3371 768 3448 produxit
791 3371 909 3430 crimino
930 3388 1044 3446 servus,

293 3456 444 3521 latronis
466 3454 624 3530 lugendus:
649 3463 677 3514 at
698 3454 765 3514 illos
786 3453 910 3514 verbero
931 3456 1012 3514 iustis

296 3542 444 3621 dllloiunt
468 3540 571 3615 poenis
596 3548 624 3597 et
646 3539 742 3614 legum
765 3540 854 3616 prima
877 3540 999 3597 securis.

341 3623 425 3687 Malo
449 3631 533 3701 pater
554 3621 604 3681 tibi
627 3624 663 3681 sit
685 3621 848 3698 Thersites,
872 3621 1024 3682 dummodo
1046 3630 1076 3682 tu
1097 3622 1138 3681 sis

299 3706 456 3776 Aeacidae
478 3707 577 3767 similis
600 3705 799 3786 Vulcaniaque
821 3724 898 3767 arma
922 3724 1073 3786 cupessas,
1238 3716 1290 3769 :tio
