3267 4409
507 449 849 516 EPIGRAMMATON
862 450 936 513 LlB.
952 451 1003 515 Vl.
1219 452 1280 518 133

342 605 385 668 Ille
396 611 483 668 retus
496 624 556 685 pro
573 610 606 665 te
620 605 800 684 patriusque
816 603 891 684 quid
906 609 994 684 optet
1009 605 1141 686 amicus,

297 728 298 733 κ
372 692 482 770 Accipe
500 695 534 749 et
548 689 627 749 haec
641 691 770 749 memori
786 695 915 770 pectore
929 693 1000 748 vota
1014 694 1104 750 tene:
1133 689 1139 697 ’

330 775 423 838 tituta
437 775 479 834 sit
494 779 530 833 ut
544 774 659 853 virtus,
679 791 738 832 uec
753 780 784 833 te
798 774 982 833 temerarius
996 771 1089 834 ardor

372 860 402 920 ln
415 857 534 919 medios
549 871 640 920 enses
655 875 804 935 saevaque
818 855 883 917 tela
899 857 990 916 ferat.

297 966 300 1011 ς
343 942 414 1004 llella
425 940 526 1004 velint
539 942 738 1020 Martemque.
750 942 851 1002 ferum
863 942 994 1001 rationis
1009 947 1154 1022 egentes,

297 1018 314 1061 '¹
373 1027 417 1089 Tu
429 1032 520 1109 potes
538 1031 572 1087 et
584 1027 682 1107 patris
697 1023 787 1087 miles
803 1031 837 1087 et
850 1043 919 1086 esse
935 1023 1030 1085 ducis.

668 1128 673 1137 ’
705 1159 814 1224 xxvi.

345 1256 524 1321 Periclitatur
538 1259 639 1339 capite
654 1255 785 1319 Sotades
799 1263 916 1320 noster.

346 1340 422 1403 deum
436 1344 553 1425 putatis
569 1361 638 1403 esse
654 1341 813 1402 Sotaden?
835 1362 897 1402 uon
912 1348 970 1404 est.

346 1426 471 1508 Arrigere
486 1425 570 1488 desit
583 1445 676 1508 posse
691 1425 838 1487 Sotades:
860 1425 961 1506 lingit.

347 1654 383 1716 lis
394 1657 489 1719 vicine
503 1657 609 1738 Nepos
622 1693 665 1706 -
677 1560 934 1739 naxrdldlpuoque
946 1658 1085 1738 proxima
1097 1658 1209 1722 Florae

374 1740 476 1803 Incolis
491 1749 525 1803 et
538 1746 663 1802 veteres
679 1748 713 1803 tu
728 1761 851 1822 quoque
865 1743 1000 1804 Ficeliar
1013 1777 1058 1792 -

348 1821 387 1885 lat
398 1827 466 1905 tibi,
490 1845 568 1906 quae
582 1828 683 1907 patria
701 1828 840 1906 signatur
856 1828 989 1907 imagine
1002 1826 1120 1908 voltus,

376 1908 471 1971 'lestis
485 1917 643 1971 maternae
658 1915 730 1970 nata
742 1909 920 1990 pudicitiae.

337 1988 383 2052 tin
393 1999 492 2055 tmmn
507 2014 623 2055 annoso
637 1996 764 2055 nimium
776 2013 816 2054 ue
830 2015 924 2076 parce
937 1993 1089 2076 Falerno,

374 2078 408 2138 lit
419 2081 522 2160 potius
536 2078 648 2159 plenos
665 2098 738 2140 aere
755 2078 900 2157 relinque
916 2079 1017 2141 cados.

349 2155 381 2220 tlt
392 2164 453 2243 pia,
473 2165 515 2225 sit
530 2162 687 2244 locuples,
709 2161 766 2222 sed
782 2170 873 2244 potet
886 2163 951 2223 lilia
965 2169 1112 2224 mustum:

373 2245 521 2328 Amphora
535 2267 605 2307 cum
619 2246 741 2308 domina
754 2267 836 2307 nuuc
849 2267 928 2308 nova
941 2249 996 2309 fiat
1009 2268 1093 2312 anua.

347 2324 463 2392 Caecuba
476 2351 540 2392 nou
553 2330 637 2392 solos
653 2331 807 2393 vindemia
820 2334 937 2392 nutriat
953 2335 1061 2394 orbos:

324 2410 344 2466 li
372 2413 495 2476 Possunt
509 2422 543 2477 et
557 2422 664 2498 patres
677 2417 798 2495 uivere,
819 2414 914 2477 crede
928 2417 1013 2480 mihi.

687 2550 858 2637 xxvm„
929 2615 930 2618 g
1055 2603 1059 2607 ,

346 2639 467 2710 libertus
483 2649 627 2711 Melioris
641 2649 699 2711 illc
712 2658 821 2728 notus,

346 2722 405 2791 lota
417 2735 470 2812 qui
483 2733 598 2794 cecidit
611 2734 737 2795 dolente
751 2735 863 2814 Roma,

344 2808 396 2874 llari
409 2815 537 2879 deliciae
552 2820 663 2879 breves
677 2821 818 2899 patroni,

343 2890 392 2958 Hoc
407 2903 461 2961 sub
476 2921 628 2963 marmore
645 2902 786 2967 Glaucias
800 2904 941 2964 humatus

329 2975 426 3044 tluncto
440 2985 611 3047 Flaminiae
625 2988 707 3048 iacet
721 2984 884 3068 sepulcroa

297 3076 300 3119 t
343 3061 432 3129 totus
446 3072 600 3151 moribus,
622 3072 745 3151 integer
760 3071 898 3151 pudore,

343 3142 423 3214 Velox
435 3156 577 3234 ingenio,
600 3154 714 3216 decore
730 3155 814 3215 felix.

341 3228 381 3294 lis
392 3240 473 3298 senis
486 3238 578 3299 modo
593 3242 744 3301 messibus
760 3240 896 3320 peractis

340 3310 385 3380 iu
396 3339 486 3383 uuum
500 3342 579 3403 puer
594 3322 769 3404 applicabat
783 3344 903 3386 annum.

312 3397 382 3478 itQui
392 3405 447 3467 iles
460 3406 553 3488 talia,
574 3407 620 3468 nil
636 3410 728 3487 fleas,
749 3409 859 3469 viator.

702 3540 812 3604 XXIX.

336 3631 393 3696 lion
406 3636 444 3700 de
459 3637 555 3722 plebe
570 3636 694 3720 domus,
715 3660 775 3701 nec
789 3658 897 3700 avarae
912 3644 1007 3701 verna
1022 3644 1171 3721 catastae,

368 3721 426 3784 Sed
439 3722 556 3786 domini
569 3730 674 3785 sancto
693 3723 802 3806 dignus
818 3743 922 3809 amore
935 3742 1031 3806 puer,
