<?xml version="1.0" encoding="UTF-8"?>
<!DOCTYPE html PUBLIC "-//W3C//DTD XHTML 1.0 Transitional//EN"
    "http://www.w3.org/TR/xhtml1/DTD/xhtml1-transitional.dtd">
<html xmlns="http://www.w3.org/1999/xhtml" xml:lang="en" lang="en">
 <head>
  <title>
</title>
<meta http-equiv="Content-Type" content="text/html;charset=utf-8" />
  <meta name='ocr-system' content='tesseract 3.04.00' />
  <meta name='ocr-capabilities' content='ocr_page ocr_carea ocr_par ocr_line ocrx_word'/>
</head>
<body>
  <div class='ocr_page' id='page_1' title='image "./mvalmartialisep00martgoog_0347.png"; bbox 0 0 3267 4409; ppageno 0'>
   <div class='ocr_carea' id='block_1_1' title="bbox 325 457 1095 559">
    <p class='ocr_par' dir='ltr' id='par_1_1' title="bbox 325 457 1095 559">
     <span class='ocr_line' id='line_1_1' title="bbox 325 457 1095 559; baseline 0.008 -6"><span class='ocrx_word' id='word_1_1' title='bbox 325 489 388 554; x_wconf 81' lang='lat'><strong>314</strong></span> <span class='ocrx_word' id='word_1_2' title='bbox 486 500 488 505; x_wconf 95' lang='lat'>·</span> <span class='ocrx_word' id='word_1_3' title='bbox 645 457 1095 559; x_wconf 67' lang='lat' dir='ltr'><strong>murmurandum</strong></span> 
     </span>
    </p>
   </div>
   <div class='ocr_carea' id='block_1_2' title="bbox 668 676 987 778">
    <p class='ocr_par' dir='ltr' id='par_1_2' title="bbox 668 676 987 778">
     <span class='ocr_line' id='line_1_2' title="bbox 668 676 987 778; baseline 0.009 -21"><span class='ocrx_word' id='word_1_4' title='bbox 668 711 670 715; x_wconf 82' lang='lat'>&#39;</span> <span class='ocrx_word' id='word_1_5' title='bbox 698 695 775 757; x_wconf 85' lang='lat' dir='ltr'><strong>Lxl.</strong></span> <span class='ocrx_word' id='word_1_6' title='bbox 797 676 987 778; x_wconf 71' lang='lat' dir='ltr'><strong><em>Attagenae.</em></strong></span> 
     </span>
    </p>
   </div>
   <div class='ocr_carea' id='block_1_3' title="bbox 406 781 1173 972">
    <p class='ocr_par' dir='ltr' id='par_1_3' title="bbox 406 781 1173 972">
     <span class='ocr_line' id='line_1_3' title="bbox 406 781 1173 890; baseline 0.007 -21"><span class='ocrx_word' id='word_1_7' title='bbox 406 809 494 869; x_wconf 90' lang='lat' dir='ltr'><strong>lnter</strong></span> <span class='ocrx_word' id='word_1_8' title='bbox 508 827 635 889; x_wconf 75' lang='lat' dir='ltr'><strong>sapores</strong></span> <span class='ocrx_word' id='word_1_9' title='bbox 649 781 750 870; x_wconf 82' lang='lat' dir='ltr'><strong>fertur</strong></span> <span class='ocrx_word' id='word_1_10' title='bbox 767 802 873 871; x_wconf 85' lang='lat' dir='ltr'><strong>alitum</strong></span> <span class='ocrx_word' id='word_1_11' title='bbox 886 814 1002 890; x_wconf 82' lang='lat' dir='ltr'><strong>primur</strong></span> <span class='ocrx_word' id='word_1_12' title='bbox 1051 854 1057 862; x_wconf 89' lang='lat'><em>-</em></span> <span class='ocrx_word' id='word_1_13' title='bbox 1170 836 1173 843; x_wconf 65' lang='lat'><em>¹</em></span> 
     </span>
     <span class='ocr_line' id='line_1_4' title="bbox 406 893 934 972; baseline 0.008 -19"><span class='ocrx_word' id='word_1_14' title='bbox 406 893 579 953; x_wconf 86' lang='lat' dir='ltr'><strong>Ionicarum</strong></span> <span class='ocrx_word' id='word_1_15' title='bbox 594 900 699 972; x_wconf 78' lang='lat' dir='ltr'><strong>gustus</strong></span> <span class='ocrx_word' id='word_1_16' title='bbox 714 900 934 972; x_wconf 81' lang='lat' dir='ltr'><strong>attagenarum.</strong></span> 
     </span>
    </p>
   </div>
   <div class='ocr_carea' id='block_1_4' title="bbox 651 1026 1071 1094">
    <p class='ocr_par' dir='ltr' id='par_1_4' title="bbox 651 1026 1071 1094">
     <span class='ocr_line' id='line_1_5' title="bbox 651 1026 1071 1094; baseline 0.007 -7"><span class='ocrx_word' id='word_1_17' title='bbox 651 1026 741 1087; x_wconf 85' lang='lat' dir='ltr'><strong>LXII.</strong></span> <span class='ocrx_word' id='word_1_18' title='bbox 766 1027 912 1091; x_wconf 76' lang='lat' dir='ltr'><em>Gallinae</em></span> <span class='ocrx_word' id='word_1_19' title='bbox 926 1029 1036 1094; x_wconf 72' lang='lat' dir='ltr'><strong>altiles.</strong></span> <span class='ocrx_word' id='word_1_20' title='bbox 1067 1084 1071 1090; x_wconf 91' lang='lat'><strong>.</strong></span> 
     </span>
    </p>
   </div>
   <div class='ocr_carea' id='block_1_5' title="bbox 406 1122 1146 1290">
    <p class='ocr_par' dir='ltr' id='par_1_5' title="bbox 406 1122 1146 1290">
     <span class='ocr_line' id='line_1_6' title="bbox 406 1122 1064 1205; baseline 0.006 -21"><span class='ocrx_word' id='word_1_21' title='bbox 406 1124 547 1185; x_wconf 80' lang='lat' dir='ltr'><strong>Parcitur</strong></span> <span class='ocrx_word' id='word_1_22' title='bbox 561 1131 595 1184; x_wconf 94' lang='lat' dir='ltr'><strong>et</strong></span> <span class='ocrx_word' id='word_1_23' title='bbox 609 1122 692 1184; x_wconf 89' lang='lat' dir='ltr'><strong>dulci</strong></span> <span class='ocrx_word' id='word_1_24' title='bbox 706 1123 805 1185; x_wconf 85' lang='lat' dir='ltr'><strong>facilis</strong></span> <span class='ocrx_word' id='word_1_25' title='bbox 821 1125 932 1203; x_wconf 85' lang='lat' dir='ltr'><strong>gallina</strong></span> <span class='ocrx_word' id='word_1_26' title='bbox 946 1127 1064 1205; x_wconf 84' lang='lat' dir='ltr'><strong>farina,</strong></span> 
     </span>
     <span class='ocr_line' id='line_1_7' title="bbox 447 1208 1146 1290; baseline 0.009 -22"><span class='ocrx_word' id='word_1_27' title='bbox 447 1208 590 1269; x_wconf 78' lang='lat' dir='ltr'><strong>Parcitur</strong></span> <span class='ocrx_word' id='word_1_28' title='bbox 604 1215 637 1269; x_wconf 90' lang='lat' dir='ltr'><strong>et</strong></span> <span class='ocrx_word' id='word_1_29' title='bbox 649 1210 798 1272; x_wconf 84' lang='lat' dir='ltr'><strong>tenebris.</strong></span> <span class='ocrx_word' id='word_1_30' title='bbox 827 1210 989 1288; x_wconf 74' lang='lat' dir='ltr'><strong>Ingeniosa</strong></span> <span class='ocrx_word' id='word_1_31' title='bbox 1002 1210 1074 1290; x_wconf 81' lang='lat' dir='ltr'><strong>gula</strong></span> <span class='ocrx_word' id='word_1_32' title='bbox 1088 1218 1146 1276; x_wconf 83' lang='lat' dir='ltr'><strong>est.</strong></span> 
     </span>
    </p>
   </div>
   <div class='ocr_carea' id='block_1_6' title="bbox 679 1341 980 1423">
    <p class='ocr_par' dir='ltr' id='par_1_6' title="bbox 679 1341 980 1423">
     <span class='ocr_line' id='line_1_8' title="bbox 679 1341 980 1423; baseline 0.01 -22"><span class='ocrx_word' id='word_1_33' title='bbox 679 1342 803 1409; x_wconf 66' lang='lat' dir='ltr'><strong>¹Llllll.</strong></span> <span class='ocrx_word' id='word_1_34' title='bbox 829 1341 980 1423; x_wconf 79' lang='lat' dir='ltr'><strong>Capanea.</strong></span> 
     </span>
    </p>
   </div>
   <div class='ocr_carea' id='block_1_7' title="bbox 405 1437 1217 1590">
    <p class='ocr_par' dir='ltr' id='par_1_7' title="bbox 405 1437 1217 1590">
     <span class='ocr_line' id='line_1_9' title="bbox 405 1437 1217 1527; baseline 0.009 -27"><span class='ocrx_word' id='word_1_35' title='bbox 405 1437 453 1500; x_wconf 87' lang='lat' dir='ltr'><strong>Ne</strong></span> <span class='ocrx_word' id='word_1_36' title='bbox 467 1441 557 1501; x_wconf 85' lang='lat' dir='ltr'><strong>nimis</strong></span> <span class='ocrx_word' id='word_1_37' title='bbox 572 1442 719 1502; x_wconf 73' lang='lat' dir='ltr'><strong>exhausto</strong></span> <span class='ocrx_word' id='word_1_38' title='bbox 730 1448 942 1502; x_wconf 77' lang='lat' dir='ltr'><strong>macresceret</strong></span> <span class='ocrx_word' id='word_1_39' title='bbox 956 1443 1082 1521; x_wconf 84' lang='lat' dir='ltr'><strong>inguine</strong></span> <span class='ocrx_word' id='word_1_40' title='bbox 1097 1440 1217 1527; x_wconf 74' lang='lat' dir='ltr'><strong>gallus,</strong></span> 
     </span>
     <span class='ocr_line' id='line_1_10' title="bbox 447 1524 1100 1590; baseline 0.008 -6"><span class='ocrx_word' id='word_1_41' title='bbox 447 1524 559 1585; x_wconf 77' lang='lat' dir='ltr'><strong>Amisit</strong></span> <span class='ocrx_word' id='word_1_42' title='bbox 571 1531 681 1590; x_wconf 79' lang='lat' dir='ltr'><strong>testea.</strong></span> <span class='ocrx_word' id='word_1_43' title='bbox 710 1525 798 1586; x_wconf 88' lang='lat' dir='ltr'><strong>Nune</strong></span> <span class='ocrx_word' id='word_1_44' title='bbox 812 1527 889 1586; x_wconf 90' lang='lat' dir='ltr'><strong>mihi</strong></span> <span class='ocrx_word' id='word_1_45' title='bbox 902 1524 1013 1586; x_wconf 81' lang='lat' dir='ltr'>Gallus</span> <span class='ocrx_word' id='word_1_46' title='bbox 1029 1528 1100 1590; x_wconf 89' lang='lat' dir='ltr'><strong>erit.</strong></span> 
     </span>
    </p>
   </div>
   <div class='ocr_carea' id='block_1_8' title="bbox 726 1659 952 1724">
    <p class='ocr_par' dir='ltr' id='par_1_8' title="bbox 726 1659 952 1724">
     <span class='ocr_line' id='line_1_11' title="bbox 726 1659 952 1724; baseline 0.027 -6"><span class='ocrx_word' id='word_1_47' title='bbox 726 1659 833 1723; x_wconf 78' lang='lat' dir='ltr'><strong>Lxrv.</strong></span> <span class='ocrx_word' id='word_1_48' title='bbox 854 1659 952 1724; x_wconf 70' lang='lat' dir='ltr'><strong>Idan.</strong></span> 
     </span>
    </p>
   </div>
   <div class='ocr_carea' id='block_1_9' title="bbox 406 1754 1149 1921">
    <p class='ocr_par' dir='ltr' id='par_1_9' title="bbox 406 1754 1149 1921">
     <span class='ocr_line' id='line_1_12' title="bbox 406 1754 1089 1836; baseline 0.006 -20"><span class='ocrx_word' id='word_1_49' title='bbox 406 1755 582 1816; x_wconf 80' lang='lat' dir='ltr'><strong>Succumbit</strong></span> <span class='ocrx_word' id='word_1_50' title='bbox 596 1755 696 1817; x_wconf 73' lang='lat' dir='ltr'><strong>sterili</strong></span> <span class='ocrx_word' id='word_1_51' title='bbox 711 1757 829 1817; x_wconf 87' lang='lat' dir='ltr'><strong>frustra</strong></span> <span class='ocrx_word' id='word_1_52' title='bbox 843 1754 956 1836; x_wconf 84' lang='lat' dir='ltr'><strong>gallina</strong></span> <span class='ocrx_word' id='word_1_53' title='bbox 969 1760 1089 1821; x_wconf 87' lang='lat' dir='ltr'><strong>marito.</strong></span> 
     </span>
     <span class='ocr_line' id='line_1_13' title="bbox 447 1836 1149 1921; baseline 0.01 -23"><span class='ocrx_word' id='word_1_54' title='bbox 447 1839 535 1901; x_wconf 88' lang='lat' dir='ltr'><strong>Hane</strong></span> <span class='ocrx_word' id='word_1_55' title='bbox 549 1840 656 1901; x_wconf 81' lang='lat' dir='ltr'><strong>matris</strong></span> <span class='ocrx_word' id='word_1_56' title='bbox 671 1839 806 1921; x_wconf 73' lang='lat' dir='ltr'><strong>Cybelen</strong></span> <span class='ocrx_word' id='word_1_57' title='bbox 823 1859 892 1901; x_wconf 80' lang='lat' dir='ltr'><strong>esse</strong></span> <span class='ocrx_word' id='word_1_58' title='bbox 908 1841 1039 1903; x_wconf 80' lang='lat' dir='ltr'><strong>decebat</strong></span> <span class='ocrx_word' id='word_1_59' title='bbox 1054 1836 1149 1906; x_wconf 80' lang='lat' dir='ltr'><strong>ave&#39;m.</strong></span> 
     </span>
    </p>
   </div>
   <div class='ocr_carea' id='block_1_10' title="bbox 711 1966 991 2037">
    <p class='ocr_par' dir='ltr' id='par_1_10' title="bbox 711 1966 991 2037">
     <span class='ocr_line' id='line_1_14' title="bbox 711 1966 991 2037; baseline 0.004 -4"><span class='ocrx_word' id='word_1_60' title='bbox 711 1974 805 2037; x_wconf 84' lang='lat' dir='ltr'><strong>LXV.</strong></span> <span class='ocrx_word' id='word_1_61' title='bbox 826 1966 991 2036; x_wconf 70' lang='lat' dir='ltr'><strong>Perdicca.</strong></span> 
     </span>
    </p>
   </div>
   <div class='ocr_carea' id='block_1_11' title="bbox 404 2071 1175 2239">
    <p class='ocr_par' dir='ltr' id='par_1_11' title="bbox 404 2071 1175 2239">
     <span class='ocr_line' id='line_1_15' title="bbox 404 2071 1175 2137; baseline 0.006 -4"><span class='ocrx_word' id='word_1_62' title='bbox 404 2071 537 2133; x_wconf 84' lang='lat' dir='ltr'><strong>Ponitur</strong></span> <span class='ocrx_word' id='word_1_63' title='bbox 550 2073 702 2136; x_wconf 76' lang='lat' dir='ltr'><strong>Ausoniis,</strong></span> <span class='ocrx_word' id='word_1_64' title='bbox 710 2074 772 2134; x_wconf 82' lang='lat' dir='ltr'><strong>avis</strong></span> <span class='ocrx_word' id='word_1_65' title='bbox 786 2073 864 2133; x_wconf 87' lang='lat' dir='ltr'><strong>haec</strong></span> <span class='ocrx_word' id='word_1_66' title='bbox 877 2074 1033 2134; x_wconf 78' lang='lat' dir='ltr'><strong>rarissima</strong></span> <span class='ocrx_word' id='word_1_67' title='bbox 1046 2075 1175 2137; x_wconf 78' lang='lat' dir='ltr'><strong>mensis:</strong></span> 
     </span>
     <span class='ocr_line' id='line_1_16' title="bbox 446 2155 1051 2239; baseline 0.005 -23"><span class='ocrx_word' id='word_1_68' title='bbox 446 2157 534 2217; x_wconf 89' lang='lat' dir='ltr'><strong>Hanc</strong></span> <span class='ocrx_word' id='word_1_69' title='bbox 548 2158 582 2218; x_wconf 89' lang='lat' dir='ltr'><strong>in</strong></span> <span class='ocrx_word' id='word_1_70' title='bbox 595 2158 714 2239; x_wconf 79' lang='lat' dir='ltr'><strong>piscina</strong></span> <span class='ocrx_word' id='word_1_71' title='bbox 726 2155 838 2217; x_wconf 87' lang='lat' dir='ltr'><strong>ludere</strong></span> <span class='ocrx_word' id='word_1_72' title='bbox 854 2175 946 2237; x_wconf 85' lang='lat' dir='ltr'><strong>saepe</strong></span> <span class='ocrx_word' id='word_1_73' title='bbox 960 2156 1051 2219; x_wconf 79' lang='lat' dir='ltr'><strong>soles.</strong></span> 
     </span>
    </p>
   </div>
   <div class='ocr_carea' id='block_1_12' title="bbox 684 2289 990 2352">
    <p class='ocr_par' dir='ltr' id='par_1_12' title="bbox 684 2289 990 2352">
     <span class='ocr_line' id='line_1_17' title="bbox 684 2289 990 2352; baseline 0.01 -3"><span class='ocrx_word' id='word_1_74' title='bbox 684 2289 791 2352; x_wconf 87' lang='lat' dir='ltr'><strong>LXVI.</strong></span> <span class='ocrx_word' id='word_1_75' title='bbox 814 2289 990 2352; x_wconf 79' lang='lat' dir='ltr'><strong>Columbae.</strong></span> 
     </span>
    </p>
   </div>
   <div class='ocr_carea' id='block_1_13' title="bbox 404 2386 1145 2535">
    <p class='ocr_par' dir='ltr' id='par_1_13' title="bbox 404 2386 1145 2535">
     <span class='ocr_line' id='line_1_18' title="bbox 404 2386 1145 2469; baseline 0 -20"><span class='ocrx_word' id='word_1_76' title='bbox 404 2387 452 2450; x_wconf 88' lang='lat' dir='ltr'><strong>Ne</strong></span> <span class='ocrx_word' id='word_1_77' title='bbox 465 2386 563 2449; x_wconf 82' lang='lat' dir='ltr'><strong>violer</strong></span> <span class='ocrx_word' id='word_1_78' title='bbox 576 2393 703 2449; x_wconf 83' lang='lat' dir='ltr'><strong>tenerer</strong></span> <span class='ocrx_word' id='word_1_79' title='bbox 719 2388 846 2467; x_wconf 85' lang='lat' dir='ltr'><strong>periuro</strong></span> <span class='ocrx_word' id='word_1_80' title='bbox 866 2386 960 2448; x_wconf 87' lang='lat' dir='ltr'><strong>dente</strong></span> <span class='ocrx_word' id='word_1_81' title='bbox 974 2386 1145 2469; x_wconf 78' lang='lat' dir='ltr'><strong>columbas,</strong></span> 
     </span>
     <span class='ocr_line' id='line_1_19' title="bbox 449 2471 1125 2535; baseline 0.003 -2"><span class='ocrx_word' id='word_1_82' title='bbox 449 2472 578 2534; x_wconf 85' lang='lat' dir='ltr'><strong>Tradita</strong></span> <span class='ocrx_word' id='word_1_83' title='bbox 591 2473 619 2533; x_wconf 82' lang='lat' dir='ltr'><strong>ri</strong></span> <span class='ocrx_word' id='word_1_84' title='bbox 633 2471 764 2533; x_wconf 78' lang='lat' dir='ltr'><strong>Gnidiae</strong></span> <span class='ocrx_word' id='word_1_85' title='bbox 778 2478 850 2533; x_wconf 82' lang='lat' dir='ltr'><strong>aunt</strong></span> <span class='ocrx_word' id='word_1_86' title='bbox 864 2473 922 2531; x_wconf 92' lang='lat' dir='ltr'><strong>tibi</strong></span> <span class='ocrx_word' id='word_1_87' title='bbox 936 2492 1022 2533; x_wconf 79' lang='lat' dir='ltr'><strong>sacra</strong></span> <span class='ocrx_word' id='word_1_88' title='bbox 1038 2471 1125 2535; x_wconf 84' lang='lat' dir='ltr'><strong>deae.</strong></span> 
     </span>
    </p>
   </div>
   <div class='ocr_carea' id='block_1_14' title="bbox 714 2605 1007 2669">
    <p class='ocr_par' dir='ltr' id='par_1_14' title="bbox 714 2605 1007 2669">
     <span class='ocr_line' id='line_1_20' title="bbox 714 2605 1007 2669; baseline 0 -3"><span class='ocrx_word' id='word_1_89' title='bbox 714 2605 835 2669; x_wconf 87' lang='lat' dir='ltr'><strong>LXVII.</strong></span> <span class='ocrx_word' id='word_1_90' title='bbox 856 2606 1007 2668; x_wconf 82' lang='lat' dir='ltr'><strong>Palumbi.</strong></span> 
     </span>
    </p>
   </div>
   <div class='ocr_carea' id='block_1_15' title="bbox 404 2700 1254 2871">
    <p class='ocr_par' dir='ltr' id='par_1_15' title="bbox 404 2700 1254 2871">
     <span class='ocr_line' id='line_1_21' title="bbox 404 2700 1254 2785; baseline 0.001 -21"><span class='ocrx_word' id='word_1_91' title='bbox 404 2703 531 2783; x_wconf 82' lang='lat' dir='ltr'><strong>luguina</strong></span> <span class='ocrx_word' id='word_1_92' title='bbox 544 2704 682 2782; x_wconf 81' lang='lat' dir='ltr'><strong>torquati</strong></span> <span class='ocrx_word' id='word_1_93' title='bbox 695 2702 819 2764; x_wconf 88' lang='lat' dir='ltr'><strong>tardant</strong></span> <span class='ocrx_word' id='word_1_94' title='bbox 833 2703 1043 2783; x_wconf 79' lang='lat' dir='ltr'><strong>hebetantque</strong></span> <span class='ocrx_word' id='word_1_95' title='bbox 1057 2700 1204 2785; x_wconf 88' lang='lat' dir='ltr'><strong>palumbi.</strong></span> <span class='ocrx_word' id='word_1_96' title='bbox 1248 2702 1254 2713; x_wconf 80' lang='lat'>&#39;</span> 
     </span>
     <span class='ocr_line' id='line_1_22' title="bbox 447 2785 1233 2871; baseline 0.004 -23"><span class='ocrx_word' id='word_1_97' title='bbox 447 2786 519 2848; x_wconf 86' lang='lat' dir='ltr'><strong>Non</strong></span> <span class='ocrx_word' id='word_1_98' title='bbox 534 2787 607 2848; x_wconf 89' lang='lat' dir='ltr'><strong>edat</strong></span> <span class='ocrx_word' id='word_1_99' title='bbox 620 2787 700 2848; x_wconf 89' lang='lat' dir='ltr'><strong>hanc</strong></span> <span class='ocrx_word' id='word_1_100' title='bbox 713 2787 869 2848; x_wconf 83' lang='lat' dir='ltr'><strong>volucrem</strong></span> <span class='ocrx_word' id='word_1_101' title='bbox 886 2789 938 2867; x_wconf 85' lang='lat' dir='ltr'><strong>qui</strong></span> <span class='ocrx_word' id='word_1_102' title='bbox 954 2789 1039 2871; x_wconf 87' lang='lat' dir='ltr'><strong>cupit</strong></span> <span class='ocrx_word' id='word_1_103' title='bbox 1054 2806 1124 2851; x_wconf 79' lang='lat' dir='ltr'><strong>esse</strong></span> <span class='ocrx_word' id='word_1_104' title='bbox 1139 2785 1233 2851; x_wconf 76' lang='lat' dir='ltr'><strong>salax.</strong></span> 
     </span>
    </p>
   </div>
   <div class='ocr_carea' id='block_1_16' title="bbox 693 2920 993 2987">
    <p class='ocr_par' dir='ltr' id='par_1_16' title="bbox 693 2920 993 2987">
     <span class='ocr_line' id='line_1_23' title="bbox 693 2920 993 2987; baseline 0.003 -5"><span class='ocrx_word' id='word_1_105' title='bbox 693 2920 827 2987; x_wconf 73' lang='lat' dir='ltr'><strong>wass.</strong></span> <span class='ocrx_word' id='word_1_106' title='bbox 851 2921 993 2983; x_wconf 69' lang='lat' dir='ltr'><strong>Galbuli:</strong></span> 
     </span>
    </p>
   </div>
   <div class='ocr_carea' id='block_1_17' title="bbox 405 3016 1156 3182">
    <p class='ocr_par' dir='ltr' id='par_1_17' title="bbox 405 3016 1156 3182">
     <span class='ocr_line' id='line_1_24' title="bbox 405 3016 1119 3099; baseline -0.004 -18"><span class='ocrx_word' id='word_1_107' title='bbox 405 3016 539 3081; x_wconf 78' lang='lat' dir='ltr'><strong>Galbina</strong></span> <span class='ocrx_word' id='word_1_108' title='bbox 553 3017 707 3099; x_wconf 84' lang='lat' dir='ltr'><strong>decipitur</strong></span> <span class='ocrx_word' id='word_1_109' title='bbox 722 3018 844 3079; x_wconf 80' lang='lat' dir='ltr'><strong>calamia</strong></span> <span class='ocrx_word' id='word_1_110' title='bbox 860 3026 893 3079; x_wconf 86' lang='lat' dir='ltr'><strong>et</strong></span> <span class='ocrx_word' id='word_1_111' title='bbox 905 3020 1023 3080; x_wconf 83' lang='lat' dir='ltr'><strong>retibua</strong></span> <span class='ocrx_word' id='word_1_112' title='bbox 1037 3016 1119 3098; x_wconf 78' lang='lat' dir='ltr'><strong>alca,</strong></span> 
     </span>
     <span class='ocr_line' id='line_1_25' title="bbox 447 3101 1156 3182; baseline 0 -17"><span class='ocrx_word' id='word_1_113' title='bbox 447 3104 570 3182; x_wconf 80' lang='lat' dir='ltr'><strong>Turget</strong></span> <span class='ocrx_word' id='word_1_114' title='bbox 585 3102 684 3165; x_wconf 88' lang='lat' dir='ltr'><strong>adhuc</strong></span> <span class='ocrx_word' id='word_1_115' title='bbox 698 3101 790 3164; x_wconf 85' lang='lat' dir='ltr'><strong>viridi</strong></span> <span class='ocrx_word' id='word_1_116' title='bbox 805 3123 873 3163; x_wconf 92' lang='lat' dir='ltr'><strong>cum</strong></span> <span class='ocrx_word' id='word_1_117' title='bbox 888 3102 974 3163; x_wconf 80' lang='lat' dir='ltr'><strong>rudis</strong></span> <span class='ocrx_word' id='word_1_118' title='bbox 989 3123 1046 3164; x_wconf 81' lang='lat' dir='ltr'><strong>ura</strong></span> <span class='ocrx_word' id='word_1_119' title='bbox 1059 3122 1156 3166; x_wconf 86' lang='lat' dir='ltr'><strong>mero.</strong></span> 
     </span>
    </p>
   </div>
   <div class='ocr_carea' id='block_1_18' title="bbox 712 3236 966 3320">
    <p class='ocr_par' dir='ltr' id='par_1_18' title="bbox 712 3236 966 3320">
     <span class='ocr_line' id='line_1_26' title="bbox 712 3236 966 3320; baseline 0 -23"><span class='ocrx_word' id='word_1_120' title='bbox 712 3236 819 3298; x_wconf 80' lang='lat' dir='ltr'><strong>uxrx.</strong></span> <span class='ocrx_word' id='word_1_121' title='bbox 845 3236 966 3320; x_wconf 65' lang='lat' dir='ltr'><strong>carrae.</strong></span> 
     </span>
    </p>
   </div>
   <div class='ocr_carea' id='block_1_19' title="bbox 405 3332 1235 3482">
    <p class='ocr_par' dir='ltr' id='par_1_19' title="bbox 405 3332 1235 3482">
     <span class='ocr_line' id='line_1_27' title="bbox 405 3332 1235 3413; baseline 0.005 -21"><span class='ocrx_word' id='word_1_122' title='bbox 405 3332 597 3393; x_wconf 85' lang='lat' dir='ltr'><strong>Pannonicas</strong></span> <span class='ocrx_word' id='word_1_123' title='bbox 610 3334 699 3394; x_wconf 81' lang='lat' dir='ltr'><strong>nobis</strong></span> <span class='ocrx_word' id='word_1_124' title='bbox 712 3354 866 3413; x_wconf 84' lang='lat' dir='ltr'><strong>nunquam</strong></span> <span class='ocrx_word' id='word_1_125' title='bbox 882 3333 969 3393; x_wconf 86' lang='lat' dir='ltr'><strong>dedit</strong></span> <span class='ocrx_word' id='word_1_126' title='bbox 981 3333 1110 3394; x_wconf 89' lang='lat' dir='ltr'><strong>Umbria</strong></span> <span class='ocrx_word' id='word_1_127' title='bbox 1124 3339 1235 3396; x_wconf 69' lang='lat' dir='ltr'><strong>cattam</strong></span> 
     </span>
     <span class='ocr_line' id='line_1_28' title="bbox 446 3415 1180 3482; baseline 0.003 -3"><span class='ocrx_word' id='word_1_128' title='bbox 446 3418 566 3479; x_wconf 83' lang='lat' dir='ltr'><strong>Mavult</strong></span> <span class='ocrx_word' id='word_1_129' title='bbox 578 3418 656 3479; x_wconf 87' lang='lat' dir='ltr'><strong>haee</strong></span> <span class='ocrx_word' id='word_1_130' title='bbox 672 3417 794 3478; x_wconf 86' lang='lat' dir='ltr'><strong>domino</strong></span> <span class='ocrx_word' id='word_1_131' title='bbox 810 3420 936 3478; x_wconf 91' lang='lat' dir='ltr'><strong>mittere</strong></span> <span class='ocrx_word' id='word_1_132' title='bbox 953 3415 1033 3477; x_wconf 89' lang='lat' dir='ltr'><strong>dona</strong></span> <span class='ocrx_word' id='word_1_133' title='bbox 1045 3416 1180 3482; x_wconf 72' lang='lat' dir='ltr'><strong>Pudens.</strong></span> 
     </span>
    </p>
   </div>
   <div class='ocr_carea' id='block_1_20' title="bbox 706 3549 1011 3613">
    <p class='ocr_par' dir='ltr' id='par_1_20' title="bbox 706 3549 1011 3613">
     <span class='ocr_line' id='line_1_29' title="bbox 706 3549 1011 3613; baseline -0.01 0"><span class='ocrx_word' id='word_1_134' title='bbox 706 3551 798 3613; x_wconf 88' lang='lat' dir='ltr'><strong>LXX.</strong></span> <span class='ocrx_word' id='word_1_135' title='bbox 823 3549 975 3612; x_wconf 84' lang='lat' dir='ltr'><strong>Pavonea.</strong></span> <span class='ocrx_word' id='word_1_136' title='bbox 1009 3605 1011 3610; x_wconf 89' lang='lat'><strong>.</strong></span> 
     </span>
    </p>
   </div>
   <div class='ocr_carea' id='block_1_21' title="bbox 407 3645 1190 3816">
    <p class='ocr_par' dir='ltr' id='par_1_21' title="bbox 407 3645 1190 3816">
     <span class='ocr_line' id='line_1_30' title="bbox 407 3645 1160 3729; baseline 0.003 -20"><span class='ocrx_word' id='word_1_137' title='bbox 407 3647 550 3727; x_wconf 78' lang='lat' dir='ltr'><strong>Miraris,</strong></span> <span class='ocrx_word' id='word_1_138' title='bbox 573 3649 714 3727; x_wconf 83' lang='lat' dir='ltr'><strong>quotiens</strong></span> <span class='ocrx_word' id='word_1_139' title='bbox 729 3654 917 3728; x_wconf 81' lang='lat' dir='ltr'><strong>gemmantes</strong></span> <span class='ocrx_word' id='word_1_140' title='bbox 931 3646 1066 3729; x_wconf 83' lang='lat' dir='ltr'><strong>explicat</strong></span> <span class='ocrx_word' id='word_1_141' title='bbox 1081 3645 1160 3729; x_wconf 82' lang='lat' dir='ltr'><strong>alar,</strong></span> 
     </span>
     <span class='ocr_line' id='line_1_31' title="bbox 444 3732 1190 3816; baseline -0.004 -18"><span class='ocrx_word' id='word_1_142' title='bbox 444 3733 487 3798; x_wconf 81' lang='lat' dir='ltr'><strong>Et</strong></span> <span class='ocrx_word' id='word_1_143' title='bbox 499 3739 590 3816; x_wconf 82' lang='lat' dir='ltr'><strong>potes</strong></span> <span class='ocrx_word' id='word_1_144' title='bbox 606 3734 687 3795; x_wconf 87' lang='lat' dir='ltr'><strong>hunc</strong></span> <span class='ocrx_word' id='word_1_145' title='bbox 701 3752 791 3795; x_wconf 77' lang='lat' dir='ltr'><strong>saevo</strong></span> <span class='ocrx_word' id='word_1_146' title='bbox 806 3733 951 3814; x_wconf 69' lang='lat' dir='ltr'><strong>tradere,</strong></span> <span class='ocrx_word' id='word_1_147' title='bbox 973 3734 1068 3814; x_wconf 82' lang='lat' dir='ltr'><strong>dure,</strong></span> <span class='ocrx_word' id='word_1_148' title='bbox 1090 3732 1190 3797; x_wconf 73' lang='lat' dir='ltr'><strong>cocci</strong></span> 
     </span>
    </p>
   </div>
   <div class='ocr_carea' id='block_1_22' title="bbox 0 0 1638 4409">
    <p class='ocr_par' dir='ltr' id='par_1_22' title="bbox 0 0 1638 4409">
     <span class='ocr_line' id='line_1_32' title="bbox 0 0 1638 4409; baseline 0 0"><span class='ocrx_word' id='word_1_149' title='bbox 0 0 1638 4409; x_wconf 95' lang='lat' dir='ltr'><strong> </strong></span> 
     </span>
    </p>
   </div>
  </div>
 </body>
</html>
