3267 4409
369 478 410 540 24
493 497 498 510 ·
690 490 725 538 n.
747 490 819 538 run.
842 486 1029 538 mvnuffls

369 631 442 693 Tota
463 629 614 690 salutatrix
635 628 690 691 ism
712 628 794 707 turba
815 631 965 709 peregerit
987 624 1088 688 orbani
1118 622 1133 659 '·
1162 624 1166 631 '
1202 708 1207 717 ι
1303 638 1307 685 ;

271 773 275 779 .
369 713 517 777 Sideribus
540 711 632 773 dubiis
656 713 777 774 aut-illo
798 708 948 792 tempore,
972 727 1030 791 quo
1052 708 1097 797 s'e¹

367 797 484 875 Frigida
505 798 703 874 circumagunt
724 798 800 875 pigri
824 808 942 859 serraca
964 795 1105 855 Bootae.-
1152 842 1155 847 .
1205 826 1230 847 .·
1253 754 1256 759 Ι
1281 834 1287 863 ,.
1316 818 1320 847 ;

368 882 468 957 Qualis
492 898 584 940 coena
605 877 721 941 tarneni
738 883 850 957 vinum,
877 880 956 960 quod
978 879 1104 940 succida·
1117 879 1207 945 nolit·
1242 882 1269 923 '·
1333 882 1351 935 ’.ι

366 966 443 1026 Lana
462 965 536 1042 pati;
560 964 597 1025 de
617 966 739 1024 conviva
757 962 923 1041 Corybanta
944 962 1069 1024 videbis.
1214 970 1217 977 '

366 1049 462 1127 Iurgia
483 1048 729 1128 proludunt;.sed
750 1065 818 1107 mox
841 1057 871 1109 et
892 1047 1001 1127 pocula
1021 1055 1143 1125 torques
1164 1074 1168 1079 ·
1197 1090 1202 1097 .
1228 1076 1239 1096 ··
1340 1096 1344 1103 .

367 1134 488 1193 Saucius
514 1141 543 1191 et
564 1130 650 1191 rubra
670 1132 807 1209 deterges
829 1131 951 1192 vulnera
970 1146 1117 1209 mappa„
1161 1136 1186 1179 -ῑ
1258 1178 1261 1185 .
1320 1134 1326 1141 “

366 1217 445 1277 lnter
465 1233 519 1275 vos
542 1217 657 1294 quoties
678 1215 904 1294 libertorumque
926 1215 1078 1276 cohortem
1145 1232 1234 1305 {²⁵
1347 1260 1352 1271 .

366 1300 464 1378 Pugna
486 1300 642 1375 Sagrrntina
662 1300 759 1361 fervet
781 1301 935 1360 commissa
955 1298 1070 1377 lagena.

366 1383 434 1462 lpse
457 1382 593 1461 capillato
617 1383 749 1443 diffusum
771 1383 892 1444 consule
914 1391 1001 1469 potat·

368 1465 573 1544 calcatamque
596 1475 677 1527 tenet
697 1466 783 1527 bellis
806 1467 964 1527 socialibus
985 1482 1081 1541 uvam
1129 1510 1132 1515 -

367 1549 508 1611 Cardiaco
530 1568 681 1631 numquam
704 1551 838 1626 cyathum
858 1552 998 1611 missurus
1019 1550 1130 1634 amico:
1165 1590 1172 1603 .
1215 1572 1219 1577 ·

367 1632 439 1694 Cras
462 1631 542 1693 bibet
563 1633 683 1695 Albanis
704 1635 813 1714 aliquid
835 1635 871 1695 de
887 1632 1037 1695 'montibus
1060 1642 1110 1695 aut
1124 1632 1190 1695 de:
1227 1676 1244 1687 -.
1342 1678 1346 1683 -

366 1718 491 1793 Setinis,
515 1718 595 1776 cuius
618 1720 736 1796 patriam
757 1719 926 1799 titulumque
948 1726 1085 1778 senectus

308 1852 314 1861 .
365 1802 482 1862 Delevit
502 1801 590 1861 multa
612 1804 721 1861 veteris
743 1802 864 1879 iuligine
887 1811 991 1878 testae,

365 1884 458 1960 Quale
483 1886 612 1945 coronati
635 1885 763 1946 Thrasea
784 1886 993 1965 Helvidiusque
1014 1882 1155 1945 bibebant

363 1969 514 2029 Brutorum
536 1976 566 2029 et
587 1966 671 2030 Cassi
693 1970 844 2031 natalibus.
888 1970 956 2048 lpse
979 1986 1105 2048 capaces

363 2053 513 2113 Heliadum
535 2062 647 2114 crustas
669 2062 698 2113 et
717 2055 886 2134 inaequales
907 2053 1024 2129 beryllo
1125 2100 1129 2107 .
1195 2110 1199 2117 .

363 2135 449 2196 Virro
470 2146 550 2197 tenet
571 2137 697 2215 phialas:
722 2137 773 2197 tibi
795 2155 852 2197 non
876 2138 1059 2198 committitur
1080 2154 1199 2209 anrum;
1315 2134 1324 2145 '

363 2219 435 2296 Vel,
458 2222 482 2280 si
509 2221 621 2299 quando
642 2221 740 2299 datur,
764 2231 863 2283 custos
884 2222 988 2282 ailixus
1006 2219 1124 2296 ibidem,

364 2303 419 2378 Qui
439 2313 568 2363 numeret
591 2322 735 2381 gemmas,
760 2324 873 2385 ungues
895 2306 1034 2371 observet
1054 2314 1169 2383 acutos,
1294 2356 1298 2363 .

362 2387 407 2447 Da
428 2390 558 2457 veniam:
581 2389 733 2465 praeclara
755 2389 796 2449 illi
818 2390 950 2450 laudatur
972 2390 1089 2470 iaspis.-

362 2469 434 2529 Nam
458 2470 562 2546 Virro,
585 2480 615 2529 ut
636 2472 732 2547 multi,
754 2489 883 2547 gemmas
904 2475 941 2534 ad
961 2472 1068 2553 poeula
1085 2472 1234 2537 transient

362 2551 389 2610 A
411 2553 523 2628 digitis,
548 2569 619 2630 quaa
641 2555 670 2635 ia
691 2556 812 2630 vaginae
835 2557 931 2617 fronte
952 2557 1069 2618 solebat

362 2634 475 2693 Ponere
497 2635 636 2714 zelotypo
658 2638 769 2697 iuvenis
792 2641 939 2717 praelatus
958 2638 1079 2705 larbae:
1162 2696 1172 2707 .
1248 2652 1252 2659 '

362 2716 405 2776 Tu
426 2716 622 2778 Beneventani
643 2722 749 2780 sutoris
772 2741 875 2785 nomen
895 2724 1049 2786 habentem
1177 2760 1183 2775 ι

362 2800 493 2878 Siceabis
518 2803 637 2864 calicem
659 2823 792 2867 nasorum
815 2818 950 2886 quattuor
973 2826 1008 2869 ac
1030 2809 1087 2869 iam

361 2884 534 2958 Quassatam
557 2896 586 2947 et
607 2899 691 2968 rupto
715 2899 891 2971 poscentem·
908 2893 1019 2955 sulfura
1041 2894 1127 2955 vitro.
1218 2874 1255 2907 ⁸
1342 2962 1347 2970 ,

360 2969 391 3028 Si
414 2971 578 3031 stomachus
600 2972 705 3034 domini
727 2975 823 3035 fervet
843 2968 969 3056 vinoque
993 2974 1131 3055 ciboque,

358 3051 502 3129 Frigidior
524 3053 631 3117 Geticis
654 3059 763 3136 petitur
783 3059 906 3122 decocta
929 3062 1054 3141 pruinis:

357 3135 423 3197 Non
442 3139 544 3199 eadem
565 3141 649 3201 vobis
671 3144 739 3221 poni
760 3143 847 3204 mode
869 3147 934 3205 vina
946 3140 1113 3224 querebar?

358 3219 418 3280 Vos
443 3223 527 3283 aliam
545 3228 651 3302 potatis
677 3246 789 3307 aquam.
834 3226 898 3289 Tibi
919 3229 1027 3308 pocula
1046 3244 1176 3299 ctarsot·¹
1266 3260 1300 3265 ··
1339 3292 1345 3313 ,

358 3301 494 3365 Gaetulus
518 3306 595 3369 dabit
618 3318 665 3369 aut
686 3312 760 3387 nigri
783 3328 882 3371 manus
905 3329 992 3374 ossea
1013 3310 1117 3389 Mauri,
1225 3380 1229 3385 ,
1274 3346 1279 3351 -
1320 3382 1324 3389 ,

356 3384 394 3445 Et
417 3390 463 3446 cui
485 3408 539 3468 per
560 3392 691 3454 mediam.
704 3394 780 3454 nolis
804 3410 961 3456 occurrere
981 3406 1110 3473 noctem,
1214 3422 1218 3431 ·
1341 3398 1344 3405 '

358 3466 494 3532 clivosae
516 3475 633 3535 veheris
654 3477 719 3537 dum
741 3497 794 3558 per
815 3490 998 3542 monumenta
1019 3477 1155 3543 Latinae:
1187 3484 1190 3491 '
1251 3508 1254 3513 ·

355 3550 426 3612 Flos
449 3554 540 3617 Asiae
561 3568 626 3619 ante
645 3561 753 3637 ipsum,
775 3565 870 3641 pretio
893 3565 1003 3625 maiore
1025 3574 1158 3645 paratus,
1257 3594 1262 3601 ·
1288 3572 1291 3579 '

356 3634 446 3713 Qqam
468 3639 521 3699 fuit
542 3649 581 3700 et
595 3642 670 3703 Tulli
695 3662 800 3705 census
822 3650 964 3726 pugnacis
987 3656 1017 3707 et
1037 3648 1113 3708 Anci
1159 3658 1162 3671 '

353 3716 405 3799 Et,
429 3739 467 3783 ne
489 3731 519 3784 te
544 3733 672 3807 teneam,
694 3727 887 3791 Rornanorum
910 3733 1004 3793 omnia
1025 3750 1129 3811 regum
