3267 4409
325 469 388 536 ms
606 521 612 533 ,
648 471 693 533 Μ.
707 470 799 534 vac.
815 439 1043 534 Maurmms

780 674 900 737 LXXII.

406 788 518 865 Liber,
540 785 704 866 Amyclaea
719 788 855 848 frontem
870 789 979 849 vittate
994 808 1124 869 corona,

450 872 510 948 Qui
525 874 625 952 quatis
639 873 776 932 Ausonia
789 874 922 933 verbera
936 874 1029 934 Graiu
1042 870 1154 955 manu‚'

407 956 500 1018 Clusa
514 957 588 1016 mihi
604 961 688 1016 teuto
705 977 771 1017 cum
786 955 916 1038 prandia
929 959 1042 1019 vimine
1055 961 1175 1040 mittas,

449 1042 512 1101 Cur
526 1041 670 1100 comitata
687 1039 781 1122 dapes
796 1039 882 1102 nullo
894 1039 1006 1121 lagona
1022 1044 1129 1104 ueniti
1240 1080 1243 1083 -

358 1124 361 1132 '
405 1126 502 1204 Atqui
516 1122 607 1203 digna
621 1131 673 1185 tuo
688 1127 715 1185 si
730 1127 854 1186 nomine
869 1145 996 1196 munera
1010 1127 1130 1208 ferres,
1276 1121 1281 1129 ’

448 1210 534 1288 Scis,
553 1215 647 1290 puto,
667 1208 833 1272 debuerint
848 1211 1016 1290 quaemihi
1032 1211 1113 1273 dous
1126 1211 1203 1276 dari.

770 1343 905 1407 uxum.
939 1312 945 1317 ’

405 1460 556 1521 Dentibus
569 1458 709 1537 antiquas
727 1457 836 1519 solitus
847 1458 1023 1541 producere
1037 1457 1141 1540 polles

445 1545 487 1604 Et
501 1542 646 1604 mordere
661 1541 727 1602 luto
742 1548 835 1622 putre
850 1543 1130 1627 vetusquelsolum‚

403 1628 607 1689 Praenestina
621 1634 710 1687 tenes
726 1626 851 1707 decepti
865 1648 937 1688 rura
951 1630 1091 1710 patroni,
1107 1690 1110 1699 ,

445 1711 480 1771 In
495 1713 604 1792 quibus
618 1709 763 1788 indignor
778 1713 804 1771 si
820 1713 877 1771 tibi
894 1709 973 1772 cella
987 1713 1064 1774 luit:

382 1797 533 1876 bllumpis
549 1802 581 1856 et
596 1794 718 1854 ardenti
733 1794 873 1855 madidus
888 1796 1033 1876 crystalla
1046 1795 1183 1860 Falerno

443 1882 485 1942 Et
497 1881 600 1961 pruris
616 1878 729 1939 domini
745 1900 812 1939 cum
828 1881 1007 1960 Ganymede
1022 1883 1077 1942 tui.

402 1966 444 2026 At
459 1984 508 2024 me
521 1963 674 2026 litterulas
688 1962 775 2024 stulti
792 1964 927 2025 docuere
941 1971 1103 2044 parentes:

445 2049 525 2127 Quid
539 2070 606 2110 cum
622 2050 826 2128 grammaticis
841 2051 1081 2129 rhetoribusque
1094 2048 1193 2113 mlbli

401 2134 523 2214 Frange
537 2133 622 2195 leves
635 2133 767 2194 calamos
783 2142 815 2195 et
831 2135 953 2213 scinde,
975 2132 1102 2216 Thalia,
1123 2133 1266 2216 libellos,

359 2228 394 2281 10
442 2220 476 2280 SI
490 2218 564 2280 dare
579 2221 678 2280 sutori
694 2218 816 2280 calceus
831 2221 890 2280 ista
903 2225 1017 2301 potest.
1063 2282 1069 2296 ¹

765 2353 900 2417 LXXIV.

399 2467 543 2545 Effigiem
558 2473 675 2528 tantum
690 2469 780 2547 pueri
794 2469 915 2548 pictura
929 2468 1057 2529 Camoni

442 2551 567 2629 Servat,
589 2557 623 2611 et
635 2551 762 2612 infantis
776 2572 870 2632 parva
883 2551 980 2630 figura
996 2559 1108 2614 munet.

398 2633 564 2695 Florentes
578 2632 663 2695 nulla
677 2636 807 2714 signavit
821 2635 954 2716 imagIne
966 2635 1085 2716 voltus,
1117 2646 1121 2653 '

439 2719 518 2780 Dum
532 2720 623 2780 timet
641 2739 696 2779 ora
708 2721 778 2801 pius
792 2724 875 2780 muta
888 2719 996 2792 uidere
1009 2728 1107 2803 puter.

769 2854 892 2919 LXXV.

395 2970 464 3030 Nou
480 2969 568 3030 silice
583 2967 660 3029 duro
675 2967 849 3028 structilive
864 2974 1040 3048 caemento,

395 3055 460 3114 Nec
474 3054 574 3114 latere
589 3060 693 3132 cocto,
717 3073 777 3132 quo
792 3054 969 3114 Semiramis
983 3051 1107 3132 longam

394 3136 553 3218 Babylona
569 3138 679 3216 cinxit,
702 3138 807 3199 Tucca
821 3136 965 3199 balncum
979 3139 1071 3199 fecit:

396 3221 459 3282 Sed
475 3230 578 3302 strage
592 3241 751 3283 nemorum
765 3224 917 3303 piueaque
933 3241 1097 3304 compage,
1225 3250 1228 3255 ·

371 3308 440 3369 bUt
453 3309 596 3387 navigare
611 3307 715 3367 'I'ucca
728 3306 839 3367 balneo
855 3309 963 3387 possit.

393 3389 477 3451 Idem
493 3394 597 3452 beatus
610 3391 711 3451 lautus
727 3393 843 3452 extrult
856 3393 992 3451 thermas
1086 3463 1088 3467 ¹

390 3474 438 3535 De
453 3495 605 3536 marmore
619 3477 718 3554 omni,
740 3474 824 3555 quod
838 3472 984 3555 Carystos
999 3475 1132 3555 invonit,

394 3557 483 3635 Quod
496 3560 631 3639 Phrygia
646 3561 782 3639 Synnas,
803 3560 881 3620 Afra
897 3559 979 3638 quod
992 3561 1105 3622 Nomas
1117 3562 1215 3623 mittIt

390 3643 433 3704 Et
451 3643 533 3722 quod
550 3646 664 3705 virenti
678 3645 765 3704 fonte
780 3642 856 3705 Iuvit
869 3645 1011 3708 Eurotas.

345 3726 453 3791 wSed
466 3726 550 3810 ligna
565 3727 694 3790 desunta
715 3731 822 3809 subice
836 3727 979 3792 balneum
992 3729 1133 3798 thermis.
