3267 4409
327 470 389 535 182
651 470 698 546 Μ.
713 468 805 532 VAL.
819 467 1046 530 MAR'l'ldLlS

409 623 478 685 Non
493 623 697 684 Athamanteo
711 615 814 702 potius
828 639 878 682 me
892 621 988 681 mirer
1001 621 1035 680 in
1050 640 1140 701 auro,

369 719 404 771 20
451 707 593 768 Aeolium
610 705 706 765 dones
721 707 747 765 si
761 706 853 784 mihi,
873 705 1003 784 Phrixe,
1024 723 1129 785 pecua.

412 793 439 852 0
455 797 584 872 quantos
600 791 680 849 risus
694 791 968 870 pariterspeetata
982 791 1119 851 movebit
1140 810 1143 815 ·

453 878 530 936 (ium
542 873 680 942 Palatina
693 880 799 934 nostra
811 872 937 933 lacerna
951 874 1037 953 toga!

661 1045 664 1051 ,
787 1006 902 1070 XXIX.

331 1139 333 1142 ·
413 1122 550 1184 Disticha
565 1122 617 1201 qni
631 1119 756 1198 scribit,
775 1125 869 1199 puto,
889 1116 955 1178 volt
968 1116 1122 1179 brevitate
1136 1118 1272 1200 plaeere.

284 1221 286 1226 ·
395 1197 401 1206 ’
455 1204 536 1285 Quid
549 1203 680 1286 prodest
695 1205 847 1281 brevitas,
871 1202 921 1263 die
936 1203 1028 1282 mibi,
1050 1200 1173 1310 silibet
1186 1207 1260 1266 esti

797 1337 892 1399 XXX.

412 1455 470 1532 Qui
484 1475 565 1517 nune
579 1455 750 1516 Caesareae
763 1451 849 1516 lusus
864 1459 1022 1535 spectatur
1036 1453 1189 1533 harenae,

455 1539 660 1619 Temporibus
677 1539 765 1599 Bruti
781 1538 879 1616 gloria
894 1556 1009 1598 summa
1022 1538 1092 1600 fnit.

412 1624 550 1702 Aspicis,
573 1628 608 1682 ut
621 1628 728 1684 teneat
742 1624 877 1683 flammas
891 1641 1053 1702 poenaque
1067 1623 1203 1682 fruatur*

452 1707 558 1767 Fortis
573 1713 606 1766 et
619 1709 749 1768 attonito
765 1713 876 1784 regnet
892 1708 925 1766 in
939 1708 1012 1784 igne
1027 1706 1147 1767 manua!

390 1791 482 1871 blpse
498 1793 546 1851 sui
561 1797 718 1870 spectator
731 1789 820 1850 adest
835 1796 868 1849 et
882 1789 987 1850 nobile
1003 1790 1131 1852 dextrae
1177 1862 1181 1877 .

452 1877 557 1935 Funus
573 1881 669 1934 amat:
690 1875 765 1934 totis
780 1874 918 1954 pasoitur
933 1872 989 1934 illa
1004 1876 1108 1936 saeris.

413 1958 503 2036 Quod
517 1959 577 2020 nisi
594 1966 681 2039 rapta
695 1959 780 2019 soret
793 1957 915 2018 nolenti
928 1977 1045 2039 poena,
1065 1957 1197 2040 parabat
1263 2008 1266 2013 .

455 2044 580 2105 Saevior
594 2045 626 2104 in
639 2042 739 2104 lassos
752 2044 800 2104 ire
814 2044 940 2102 sinistra
954 2044 1050 2105 focos.
1093 2063 1098 2081 ·

413 2128 501 2189 Scire
515 2131 601 2209 piget
615 2136 686 2208 post
701 2127 763 2188 tale
779 2116 889 2206 deeds,
911 2127 986 2207 quid
998 2127 1112 2187 fecerit
1127 2132 1215 2185 ante:

371 2223 405 2273 10
453 2213 549 2289 Quam
561 2211 641 2292 vidi,
662 2214 736 2272 satis
751 2218 800 2272 est
813 2213 892 2272 hane
906 2212 981 2271 mihi
995 2229 1087 2271 nosse
1101 2229 1231 2272 manum.

795 2362 905 2423 XXXI.

412 2474 525 2534 Nescio
541 2472 615 2553 quid
630 2474 669 2534 de
684 2480 717 2535 te
730 2494 793 2534 non
807 2476 909 2555 belle,
930 2477 1048 2554 Dente,
1069 2475 1196 2554 lateris,

456 2559 595 2638 Coniuge
610 2559 661 2639 qui
677 2557 768 2618 dnota
782 2561 850 2620 iura
863 2567 993 2644 paterna
1006 2561 1097 2640 petis.
1244 2553 1250 2564 '

414 2642 478 2703 Sed
492 2645 552 2702 iam
566 2642 755 2722 supplicibus
773 2642 928 2705 dominum
941 2644 1057 2704 lassare
1070 2641 1191 2704 libellis

455 2727 570 2786 Desine
584 2727 664 2787 etin
678 2728 808 2806 patriam
823 2747 911 2788 serus
926 2731 962 2789 ab
978 2731 1056 2788 urbe
1069 2726 1149 2788 redi.
1215 2802 1219 2812 Ι

391 2811 487 2872 5Nam
505 2811 576 2871 dum
588 2817 621 2871 to
635 2810 728 2888 longe
743 2810 869 2872 deserta
882 2832 978 2873 uxore
993 2812 1108 2892 diuque

459 2896 540 2955 Tres
555 2897 678 2975 quaeris
691 2900 796 2974 natos,
820 2903 964 2975 quattuor
977 2898 1126 2958 invenies.

790 3031 914 3094 XXXll.
970 3036 973 3040 ’

413 3145 496 3205 Adra
509 3163 567 3226 per
581 3146 707 3207 tacitum
721 3138 849 3227 delapsa
863 3144 1002 3208 sedentis
1015 3146 1049 3204 in
1062 3145 1147 3224 ipsos

455 3227 561 3288 Fluxit
574 3228 736 3292 Aretullae
750 3229 866 3291 blanda
879 3230 1020 3291 columba
1034 3230 1128 3289 sinus.

411 3312 544 3373 Luserat
557 3314 617 3373 hoe
632 3335 736 3391 casus,
756 3316 817 3374 nisi
832 3316 1027 3375 inobservata
1041 3323 1182 3372 maneret

453 3397 670 3476 Permissaque
685 3399 745 3458 sibi
759 3396 861 3457 nollet
875 3399 961 3457 abire
975 3398 1057 3474 fuga.

391 3479 447 3539 osi
463 3479 591 3541 meliora
604 3483 674 3561 piae
689 3483 735 3541 fas
750 3488 798 3542 est
811 3491 939 3560 sperare
952 3481 1054 3541 sorori

365 3562 373 3569 ’
454 3564 496 3624 Et
511 3563 666 3625 dominum
680 3564 786 3624 mnndi
800 3566 931 3625 flectere
945 3570 1015 3625 vota
1029 3563 1150 3642 valent,

412 3647 498 3708 Haeo
513 3668 531 3707 a
547 3648 673 3709 Sardois
688 3650 745 3709 tibi
758 3649 890 3712 forsitan
904 3644 1004 3708 exulis
1018 3649 1097 3726 oris,

454 3730 567 3792 Fratre
580 3751 761 3814 reversuro,
781 3734 893 3794 nuncia
906 3734 991 3794 venit
1006 3734 1078 3793 avis.
