3267 4409
461 522 465 527 .
548 455 1041 522 nr1enlrnmuonn1n.1v.
1110 508 1112 513 .
1184 436 1186 443 ’

308 612 520 677 15Armorum
534 606 607 669 Salo
623 615 815 691 temperator
829 610 940 670 ambit:

353 693 564 772 Tutelamque
585 694 757 772 chorosque
773 695 984 775 Rixamarum,

351 779 395 839 lit
408 778 550 838 convivia
563 777 644 836 festa
663 778 869 856 Carduarum,

352 863 396 923 Et
408 863 506 922 textis
520 861 668 922 Peterum
682 860 763 922 rosis
776 863 958 938 rubentem,

353 947 459 1024 Atque
475 946 602 1024 antiqua
614 952 735 1025 patrum
748 947 873 1005 theatra·
885 945 994 1023 Rigas,

314 1030 394 1092 nolit
407 1035 515 1089 certos
527 1027 628 1088 iaculo
643 1027 706 1089 levi
723 1028 839 1106 Silaos,

355 1113 573 1192 Turgontique
586 1110 672 1172 lacus
686 1114 911 1191 Perusiaeque‚

354 1197 396 1258 nt
409 1215 526 1277 parvae
541 1194 618 1256 vada
631 1216 709 1277 pura
723 1198 925 1275 Vetonissae,

354 1280 396 1340 Et
412 1285 552 1340 sanctum
566 1279 737 1340 Buradonis
750 1280 905 1357 ilicetum,

353 1363 418 1424 l’er
432 1362 517 1442 quod
531 1361 583 1422 vel
595 1365 685 1444 piger
699 1362 834 1424 ambulat
846 1366 961 1438 viator3

315 1447 394 1510 sont
408 1465 489 1526 quae
502 1447 636 1507 fortibus
651 1447 766 1508 excolit
777 1449 914 1506 iuvencis

356 1532 477 1592 Curvae
490 1529 628 1592 Manlius
645 1551 715 1596 arva
729 1532 921 1592 Vativeseae.

353 1615 441 1675 llaec
453 1621 518 1675 tam
531 1616 661 1689 rustica,
685 1614 818 1674 delicate
834 1614 949 1691 lector,

353 1697 451 1759 Rides
464 1698 609 1767 nomina?
629 1695 732 1757 rideas
746 1697 865 1762 licebit.

353 1782 440 1843 llaec
454 1786 519 1842 tarn
532 1783 648 1842 rustica
661 1780 757 1859 mulo,
778 1801 867 1860 qnam
880 1783 1042 1846 Butuntos.

750 1944 828 2006 LVI.

353 2070 489 2131 Munera
503 2065 587 2147 quod
601 2070 726 2129 senibus
740 2068 902 2148 viduisque
915 2070 1054 2148 ingentia
1067 2071 1164 2130 mittis

395 2154 452 2214 Vis
466 2158 501 2212 te
516 2153 707 2232 munificum,
730 2153 924 2233 Gargiliane,
945 2154 1089 2213 vocem?x

352 2236 517 2298 Sordidius
530 2234 610 2295 nihil
624 2242 687 2315 est,
708 2235 788 2296 nihil
803 2243 852 2297 est
865 2244 897 2297 te
912 2238 1051 2318 spurcius
1066 2257 1143 2316 uno,

396 2321 458 2398 Qui
470 2325 563 2400 potes
578 2319 706 2380 insidias
724 2320 805 2380 dona
817 2341 928 2382 vocare
942 2327 1020 2382 tuas.

329 2405 409 2466 esic
424 2403 521 2465 avidis
536 2403 629 2463 fallax
642 2403 783 2482 indulget
797 2406 935 2485 piscibus
953 2406 1076 2485 hamus,

399 2485 522 2548 Callida
534 2488 580 2546 sic
595 2487 706 2547 stultas
722 2488 840 2568 decipit
855 2507 925 2549 esca
940 2489 1036 2554 feras.

354 2570 439 2649 Quid
453 2572 495 2631 sit
508 2568 634 2650 largiri,
657 2570 731 2651 qnid
746 2573 787 2631 sit
801 2569 935 2651 donare,
957 2564 1092 2651 docebo,

397 2655 432 2729 Si
445 2656 565 2715 nescis:
587 2652 683 2733 dona,
706 2655 899 2735 Gargiliane,
920 2657 1005 2720 mihi.

740 2819 832 2885 LVll.

351 2945 431 3004 Dum
446 2962 504 3004 nos
519 2941 632 3005 blanda
645 2948 755 3005 tenent
767 2945 873 3007 lascivi
887 2953 993 3025 stagna
1006 2946 1133 3007 Lucrini

395 3029 438 3088 Et
452 3048 532 3108 quae
546 3030 694 3108 pumiceis
708 3030 846 3090 fontibus
861 3036 948 3089 antra
962 3030 1082 3108 calent,

351 3113 404 3173 Tu
418 3111 497 3172 colis
511 3113 609 3191 Argei
620 3131 766 3192 regnum,
787 3114 954 3191 Faustine,
976 3113 1096 3191 coloni,
1211 3149 1221 3159 -

395 3197 463 3273 Quo
478 3203 513 3257 te
527 3197 576 3256 bis
592 3193 728 3257 decimus
742 3197 828 3258 ducit
842 3200 879 3258 ab
896 3199 973 3258 urbe
988 3198 1083 3278 lapis.¹

330 3277 491 3341 tllorrida
505 3277 562 3340 sed
576 3280 699 3341 fervent
712 3282 857 3341 Nemeaei
869 3287 998 3361 pectora
1011 3282 1156 3360 monstri,
1244 3364 1247 3369 Ι

394 3364 460 3423 Nec
473 3366 549 3424 satis
563 3372 628 3442 est,
649 3366 738 3425 Baias
751 3367 824 3444 igne
839 3365 943 3425 calere
959 3384 1023 3426 suo.

351 3448 436 3527 Ergo
454 3449 535 3507 sacri
548 3448 651 3508 fontes
664 3457 699 3509 et
711 3448 805 3509 litora
823 3456 908 3528 grata
921 3447 1039 3526 valete,
1089 3428 1113 3481 ·

395 3532 603 3612 Nympharum
617 3535 736 3614 pariter
748 3533 977 3612 Nereidumque
993 3532 1108 3594 domus.
1169 3552 1172 3561 ·

352 3615 528 3676 Herculeos
542 3615 638 3677 colles
656 3617 759 3695 gelida
772 3637 825 3676 vos
840 3618 954 3676 vincite
969 3617 1090 3689 bruma,

313 3708 346 3761 lo
393 3699 482 3760 Nunc
500 3700 673 3762 Tiburtinis
689 3701 791 3763 cedite
807 3700 985 3779 frigoribus.

353 3781 463 3846 Maur.
490 3784 492 3789 ’
1081 3781 1100 3848 l
1204 3774 1208 3781 ⁴

1270 460 1312 526 97
