3267 4409
370 487 410 549 60
699 500 734 548 o.
759 499 831 551 run,
854 498 1040 548 musalms

368 638 462 781 guam
483 645 512 696 te
539 635 692 698 Thersitae
715 638 837 700 similem
858 640 1001 719 producat
1020 637 1162 717 Achilles,

396 731 406 780 t
430 730 540 797 tamen,
564 731 594 781 ut
616 722 705 799 longe
725 733 842 802 repetas
861 724 1007 801 longeque
1029 724 1167 783 revolvas
1267 758 1278 774 ι

368 803 499 881 Nomen,
524 804 560 865 ab
582 806 678 867 iniami
694 816 811 883 gentem
831 807 950 868 deducis
972 806 1069 880 asylo:

370 886 509 949 blaiorum
529 891 653 969 primus,
677 891 806 968 quisquis
827 891 879 951 luit
900 889 967 965 ille,
987 898 1099 949 tuorum

370 971 429 1033 Aut
450 983 550 1054 pastor
572 974 625 1036 iuit
650 983 697 1034 aut
714 972 786 1034 illud
807 974 886 1056 quod
906 972 1006 1034 dicere
1027 973 1107 1034 nolo.
1297 983 1350 1040 ato

637 1292 641 1303 '
705 1317 1008 1420 conruunt.

369 1427 459 1523 sciro
479 1461 583 1539 velim,
606 1481 696 1541 quara
716 1463 805 1524 toties
825 1462 908 1538 mibi,
933 1460 1085 1538 Naerole,
1109 1461 1197 1523 tristis

369 1547 512 1619 Occurras
534 1545 630 1607 ironte
652 1546 792 1623 obducta,
817 1564 872 1606 cen
892 1545 1007 1622 Marsya
1027 1548 1131 1606 victus.

368 1627 443 1703 Quid
464 1627 515 1688 tibi
540 1647 604 1689 cum
625 1632 720 1707 vultu,
743 1630 858 1709 qualem
881 1630 1043 1708 deprensus
1063 1629 1189 1690 babebat

367 1710 494 1786 Rauola,
517 1711 583 1772 dum
604 1712 763 1793 Rhodopes
781 1714 837 1775 uda
858 1715 926 1773 terit
947 1715 1061 1791 inguina
1084 1709 1195 1773 barba?

367 1795 429 1857 Nos
452 1795 605 1874 colaphum
625 1797 775 1858 incutimus
799 1795 935 1857 lambenti
956 1797 1082 1858 crustula
1105 1814 1203 1857 servo.

367 1879 434 1941 Non
458 1888 521 1940 erat
541 1880 596 1941 bac
615 1880 690 1962 lacie
711 1878 904 1942 miserabilior
927 1879 1118 1959 Crepereius.

368 1964 479 2040 Pollio,
505 1964 553 2044 qui
574 1965 717 2043 triplicem
742 1983 855 2025 usuram
877 1975 1026 2044 praestare
1049 1964 1167 2043 paratus

369 2046 506 2109 (brcumit
531 2057 560 2108 et
580 2047 675 2127 latuos
695 2067 753 2110 nou
772 2047 890 2109 iniecit.
926 2049 1008 2110 Unde
1030 2057 1152 2126 repente

369 2131 426 2193 'tot
446 2128 557 2210 rugae?
586 2142 666 2193 carte
685 2133 799 2194 modico
822 2143 972 2193 contentus
991 2132 1101 2210 agebas
1162 2158 1167 2167 ·

351 2216 495 2276 ¹Pernam
517 2217 659 2294 equitem,
682 2219 803 2278 conviva
826 2219 891 2277 ioco
917 2216 1067 2278 mordente
1091 2215 1205 2276 lacetus
1238 2252 1240 2257 ,
1309 2229 1350 2284 ,ιο

369 2299 407 2360 Et
428 2299 537 2361 salibus
557 2299 716 2362 vehemens
735 2303 809 2361 intra
831 2303 979 2379 pomoeria
999 2301 1083 2360 natis.

370 2382 471 2444 Omnia
493 2401 568 2444 nuuc
594 2392 708 2446 contrat
728 2385 824 2445 vultus
846 2387 964 2462 gravis,
984 2383 1100 2444 horrida
1122 2384 1221 2442 siccae

369 2466 448 2529 Silua
470 2484 587 2541 comae,
607 2467 701 2529 nullus
722 2477 782 2529 tota
804 2471 879 2528 nitor
899 2471 928 2528 in
948 2477 1029 2542 cute,
1053 2466 1167 2544 qualem

367 2548 476 2610 Bruttia
499 2550 666 2628 praestabat
686 2552 771 2612 calidi
791 2552 841 2612 tibi
862 2553 953 2612 iascia
973 2550 1057 2624 visci,

368 2631 427 2693 Sed
448 2632 600 2695 fruticante
623 2635 684 2714 pilo
705 2635 841 2712 neglecta
864 2643 893 2694 et
915 2633 1044 2711 squalida
1066 2649 1158 2691 crura.
1315 2643 1347 2695 15

369 2715 444 2790 Quid
467 2718 574 2778 macies
594 2720 675 2796 aegri
698 2720 821 2795 veteris,
847 2736 932 2796 quem
952 2725 1083 2793 tempore
1105 2714 1194 2790 longo

369 2800 474 2875 'l'orret
497 2811 597 2881 quarta
621 2803 685 2863 dies
705 2803 830 2881 olimque
853 2802 1010 2864 domestica
1031 2799 1121 2859 febris
1130 2797 1145 2857 ‘l

368 2884 542 2964 Deprendas
562 2887 647 2959 animi
671 2895 812 2947 tormenta
834 2886 949 2947 latentis
970 2886 999 2945 in
1018 2901 1108 2961 aegro

371 2967 520 3047 Corpore,
541 2968 703 3048 deprendas
723 2980 752 3032 et
773 2971 890 3049 gaudia;
914 2971 998 3030 sumit
1020 2978 1170 3046 utrumque

369 3051 439 3113 lnde
461 3051 586 3113 habitum
605 3054 707 3116 iacies.
741 3055 831 3132 lgitur
846 3055 963 3115 ilexisse
984 3053 1093 3112 videris
1315 3060 1351 3112 20

369 3136 553 3214 Propositum
576 3147 606 3198 et
626 3138 702 3198 ritae
726 3141 885 3199 contrarius
906 3141 949 3197 ire
975 3138 1074 3216 priori.

368 3216 471 3298 Nuper
489 3221 581 3295 enim,
602 3229 633 3281 ut
653 3231 773 3299 repeto,
796 3223 891 3282 lanum
911 3221 995 3280 Isidis
1015 3228 1044 3279 et
1064 3216 1257 3295 Ganymedem

368 3301 454 3363 Pacis
477 3311 506 3363 et
527 3304 667 3366 adrectae
690 3314 805 3365 secreta
832 3305 937 3383 palatia
960 3303 1059 3363 Natris

332 3410 335 3417 ¹
370 3385 407 3446 Et
428 3384 566 3447 Cererem
587 3389 667 3467 (nam
689 3405 746 3466 quo
769 3407 827 3448 nou
849 3396 960 3466 prostat
983 3387 1088 3446 femina
1109 3382 1256 3465 templol)

370 3468 475 3531 Notior
497 3470 613 3532 Aufidio
635 3471 775 3532 moechus
801 3471 951 3531 scelerare
974 3469 1104 3545 solebas,
1317 3480 1350 3533 25

371 3552 514 3632 Quodque
538 3565 636 3631 taces,
662 3557 744 3635 ipsos
769 3558 854 3616 etiarn
876 3554 1014 3614 inclinare
1034 3555 1162 3613 maritos.

412 3637 513 3711 „Utile
534 3647 565 3700 et
585 3640 642 3712 boc
660 3640 756 3700 multis
775 3640 853 3699 vitae
875 3655 982 3715 genus;
1005 3647 1033 3698 at
1054 3638 1121 3717 mibi
1143 3635 1250 3696 nullum
1343 3636 1346 3643 '

370 3717 440 3785 lude
462 3739 574 3803 operae
594 3725 726 3804 pretium.
762 3723 889 3803 Pingues
909 3721 1062 3804 aliquando
1086 3721 1230 3797 lacernas,
