3267 4409
325 474 367 535 90
642 473 686 534 Μ.
704 471 796 535 VAL.
813 468 1038 532 MAR'l'lALlS

407 625 474 689 Vae
489 624 658 705 glabraria‚
680 643 735 684 rae
750 611 807 684 tibi
821 621 972 684 misella:-

409 710 439 770 N
440 709 529 770 udam
542 718 575 770 te
592 715 707 770 statuet
721 714 791 769 tuus
805 708 974 788 Lupercus.

789 832 899 905 suri.

410 957 536 1033 Obstat,
557 973 628 1016 care
643 954 782 1034 Pudens,
803 957 919 1016 nostris
934 975 988 1016 suu
1001 957 1093 1017 turbs
1106 954 1224 1019 libellis

450 1041 676 1119 Lectoremque
691 1040 840 1117 frequens
854 1040 950 1100 lassat
965 1045 997 1100 et
1010 1039 1121 1121 implet
1134 1061 1220 1124 opus.

407 1125 488 1184 llara
501 1126 619 1184 iuvant:
640 1125 747 1203 primis
761 1125 806 1184 sic
817 1125 914 1183 maior
929 1126 1026 1202 gratia
1040 1126 1156 1205 pomis,

451 1209 609 1268 Hibernae
622 1209 757 1287 pretium
773 1209 817 1267 sio
832 1227 976 1268 mernere
989 1227 1097 1284 rosae3

385 1292 462 1353 5Sic
479 1290 687 1371 spoliatricem
704 1292 896 1352 commendat
909 1293 1006 1352 fastus
1021 1294 1164 1373 amioum,

449 1376 541 1435 lanua
555 1394 613 1435 nec
626 1377 768 1435 iuvenem
782 1395 906 1456 semper
920 1382 1027 1456 aperte
1041 1382 1138 1439 tenet.

409 1458 538 1538 Saepius
551 1460 584 1519 in
597 1457 680 1520 libro
695 1468 873 1520 numeratur
887 1460 1012 1520 Persius
1026 1480 1104 1539 uno,
1184 1518 1194 1525 ,

451 1545 544 1618 Quam
558 1544 634 1604 levis
649 1545 682 1603 in
695 1550 760 1604 tota
776 1545 897 1604 Marsus
911 1543 1107 1605 Amazonide.

410 1626 458 1687 Tu
475 1647 597 1707 quoque
612 1627 651 1686 de
665 1630 780 1687 nostris
794 1626 917 1706 releges
933 1645 1145 1707 quemcunque
1158 1626 1290 1708 libellis,

366 1720 401 1772 10
447 1710 526 1771 Esse
540 1718 614 1791 puta
628 1710 740 1770 solum:
763 1712 808 1771 sic
821 1713 879 1771 tibi
893 1711 992 1791 pluris
1001 1713 1077 1772 erit.
1135 1778 1143 1784 ‚

708 1842 718 1867 ⁸
796 1844 892 1906 XXX.

321 1970 323 1975 ·
409 1958 522 2017 Baiano
537 1955 647 2038 procul
663 1956 762 2018 alacn
776 1958 910 2036 recede,

409 2042 567 2118 Piscator;
588 2040 678 2121 fuge,
700 2061 740 2102 ne
755 2062 872 2103 nocens
885 2040 1024 2104 recedas.

410 2127 513 2186 Sacris
526 2128 662 2207 piscibus
676 2128 894 2192 haenatautur
908 2125 1024 2204 nudae,

410 2211 470 2286 Qui
483 2219 598 2272 norunt
612 2210 767 2271 dominum
780 2229 961 2289 manumque
974 2209 1113 2270 lambunt
1227 2250 1231 2257 -

387 2293 512 2372 sillam,
534 2315 593 2373 qua
607 2293 687 2354 nihil
703 2297 800 2355 estin
814 2297 890 2355 orbe
904 2295 1009 2355 maius.

410 2377 506 2456 Quid,
529 2376 612 2457 quod
626 2397 738 2437 nomeu
753 2375 870 2438 habent
884 2385 916 2438 et
930 2378 969 2438 sd
983 2377 1123 2457 magistri

313 2486 317 2494 ·
410 2462 526 2524 Vocem
542 2463 672 2541 quisque
688 2463 735 2521 sui
748 2463 833 2521 venit
848 2455 981 2521 citatus?
1062 2482 1067 2493 “

409 2545 478 2604 Hoc
493 2544 643 2624 qnondam
658 2546 753 2624 Libys
765 2546 877 2625 impius
892 2543 1063 2626 profundo,

409 2628 487 2687 Dum
502 2627 648 2708 praedam
665 2628 780 2689 calamo
795 2634 952 2690 tremente
967 2629 1067 2708 ducit,

368 2712 516 2793 loliuptis
531 2711 696 2773 luminibus
711 2714 844 2792 repente
860 2733 969 2774 caecus

410 2797 540 2876 Captum
553 2816 615 2856 non
629 2798 731 2876 potuit
744 2796 852 2857 videre
865 2799 998 2878 piscem,

407 2881 450 2941 Et
463 2900 544 2941 nunc
559 2881 724 2959 sacrilegos
738 2890 868 2961 perosus
882 2883 987 2942 hamos

408 2965 539 3026 Baianos
553 2963 643 3025 sedet
657 2965 695 3025 ad
710 2963 796 3025 lacus
810 2972 945 3045 rogator.

410 3051 452 3109 At
465 3055 516 3128 tu,
540 3048 610 3109 dnm
625 3055 733 3129 potes,
755 3051 904 3110 innocens
919 3047 1032 3110 recede
1144 3118 1150 3124 ἱ

367 3135 499 3197 lilactis
514 3132 703 3215 simplicibus
719 3136 795 3195 cibis
809 3136 842 3193 in
857 3134 967 3212 undas,

410 3219 452 3278 Et
464 3220 566 3299 pisces
581 3237 731 3279 venerare
746 3217 904 3280 delicatos.

790 3348 899 3412 XXXI.

403 3462 501 3540 Quod
516 3466 602 3544 cupis
615 3467 648 3525 in
662 3465 777 3524 nostris
792 3463 916 3540 dicique
930 3459 1056 3541 legique
1069 3459 1186 3523 libellis

451 3547 493 3606 Et
506 3547 672 3607 nonnullus
686 3549 784 3607 honos
798 3546 938 3606 ereditur
950 3548 1011 3607 istc
1024 3549 1099 3625 tibi,

409 3630 456 3690 Ne
471 3628 603 3708 valeam,
623 3632 650 3691 si
663 3650 726 3690 non
738 3649 790 3689 res
806 3636 855 3689 est
869 3632 1041 3708 gratissima
1054 3632 1144 3692 nobis

451 3715 493 3777 Et
507 3710 577 3773 volo
592 3720 625 3773 tc
640 3715 754 3775 chartis
768 3714 937 3776 inseruisse
947 3715 1033 3775 meis.
