3267 4409
326 470 367 534 ae
449 434 452 441 ’
620 471 690 536 .Μ.
704 471 798 534 vnn.
813 471 1039 533 uunrmurs

411 627 498 687 Hanc
513 633 604 706 pete,
627 645 686 686 nec
701 631 819 698 metuas
833 623 1104 705 fastus.limenquc
1118 630 1302 706 superbum:

451 709 544 770 Nulla
564 711 659 788 magis
675 716 742 770 toto
756 711 847 768 ianua
858 715 949 788 poste
963 716 1067 789 patet,
1212 778 1218 790 p

370 795 474 857 loNec
488 796 616 874 propior
632 813 722 872 quam
736 793 880 853 Phoebus
898 799 979 852 amet
994 792 1165 875 doctaeque
1179 814 1315 862 sorores.

452 879 486 938 Si
501 877 586 938 dicet
598 878 723 954 „Quare
736 895 799 936 non
812 884 916 944 tamen
929 877 997 956 ipse
1009 877 1138 937 νειιὶῑὶἱιι

411 961 461 1022 Sic
475 959 552 1022 licet
565 979 692 1021 excuses
706 960 806 1038 „Quia
818 958 1200 1039 qualiacunquetleguntur
1219 1020 1223 1029 ,

450 1046 529 1124 Ista,
552 1043 701 1106 salutator
715 1045 854 1104 scribere
868 1063 930 1103 non
944 1044 1078 1123 potuit.“
1172 1041 1180 1050 '

793 1198 901 1263 LXXI.

410 1329 522 1388 Laevia
536 1309 590 1388 sei
606 1330 741 1409 cyathis,
763 1334 883 1408 septem
897 1328 1011 1389 Iustina
1024 1330 1164 1406 bibatur,

453 1413 594 1490 Quinque
611 1412 726 1492 Lycas,
747 1412 834 1492 Lyde
850 1419 1010 1491 quattuor,
1030 1412 1084 1472 Ida
1097 1415 1207 1477 tribus.

411 1495 516 1556 Omnis
534 1498 571 1555 ab
586 1497 688 1556 infuso
702 1502 883 1556 numeretur
900 1498 994 1556 amica
1007 1495 1158 1574 Falerno,

452 1581 494 1659 Et
509 1581 579 1658 quia
593 1579 678 1645 nulla
690 1582 791 1659 venit,
813 1586 849 1640 tu
862 1582 953 1659 mihi,
976 1580 1105 1659 Somne,
1126 1581 1203 1641 veni.

785 1698 906 1806 Luxu.

410 1869 533 1931 Nostris
546 1873 686 1931 versibus
702 1890 771 1931 esse
785 1878 818 1932 te
831 1879 970 1952 poetam,

410 1953 594 2033 Fidentine,
615 1963 704 2035 putas
722 1958 870 2036 cupisque
886 1957 994 2016 credi‘.²

413 2037 464 2097 Sic
479 2037 603 2099 dentata
620 2040 680 2099 sibi
693 2039 816 2099 videtur
835 2039 935 2118 Aegle

410 2121 530 2202 Emptis
545 2124 663 2182 ossibus
677 2123 844 2202 Indicoque
860 2144 971 2198 cornu;

390 2205 464 2264 osio
480 2225 557 2284 quae
571 2209 689 2284 nigrior
702 2213 751 2267 est
764 2206 894 2267 cadente
908 2226 1012 2285 moro,

413 2290 578 2349 Cerussata
593 2291 652 2349 sibi
666 2289 770 2370 placet
783 2291 922 2371 Lycoris.

410 2372 476 2431 Ilac
493 2379 525 2433 et
539 2380 574 2432 tu
588 2375 708 2435 ratione
724 2395 783 2453 qua
796 2381 890 2454 poeta
904 2394 954 2454 es,

411 2453 521 2515 Calvus
536 2477 604 2516 cum
617 2457 730 2536 fueris,
752 2460 814 2518 eris
831 2466 976 2521 comatus.

757 2696 759 2701 Ι
779 2607 913 2668 LXXIII.

410 2727 520 2789 Nullus
534 2732 566 2790 in
582 2732 659 2791 urbe
674 2733 734 2793 fuit
748 2740 814 2793 tota
829 2735 882 2812 qui
897 2741 1025 2811 tangere
1039 2731 1135 2793 vellet

451 2814 585 2874 Uxorem
600 2818 713 2895 gratis,
735 2817 928 2894 caeciliane,
949 2823 1048 2894 tuam,

412 2897 489 2957 Dum
504 2897 606 2975 licuit:
623 2900 679 2959 sed
692 2919 773 2960 nunc
787 2902 897 2981 positis
912 2900 1089 2960 custodibus
1103 2901 1212 2978 ingens

453 2981 558 3041 Turba
572 2983 742 3044 fututorum
757 2991 822 3044 est:
844 2986 1021 3063 ingeniosus
1035 2985 1125 3043 homo
1143 3003 1185 3044 es.

770 3132 907 3194 LXXIV.

409 3257 559 3317 Moechus
574 3263 658 3318 erat:
672 3262 797 3337 poteras
811 3264 915 3316 tamen
929 3258 988 3316 hoc
1001 3262 1053 3337 tu,
1067 3258 1180 3339 Paula,
1198 3279 1323 3340 negare.

451 3341 534 3400 Ecce
547 3343 594 3401 vir
611 3347 673 3401 est:
695 3340 859 3419 numquid,
879 3338 991 3418 Paula,
1012 3360 1127 3421 negare
1142 3346 1255 3425 potes?

741 3484 745 3488 ’
783 3486 923 3550 LXXV.'

410 3616 575 3678 Dimidium
590 3616 705 3677 donare
718 3616 796 3676 Lino
814 3639 903 3697 quam
918 3619 1049 3681 credere
1064 3628 1162 3682 totum

452 3701 511 3778 Qui
527 3700 655 3780 mavolt,
677 3699 789 3761 mavolt
802 3703 937 3782 perdere
953 3703 1119 3765 dimidium.
