3267 4409
321 481 373 546 „43

649 478 693 542 M.
710 479 801 542 VAL.
817 476 1044 541 MARTIALIS
1162 533 1171 543 .

781 656 921 747 xxxvj

410 803 487 863 Cum
503 802 564 862 sint
579 817 669 860 crura
681 797 740 857 tibi
755 796 901 858 simulent
916 814 994 877 quae
1009 814 1125 857 cornua
1137 794 1251 880 lunae,

452 887 486 947 ln
501 886 605 966 rhytio
621 890 764 964 poteras,
785 882 933 962 Phoebe,
955 881 1058 942 lavare
1073 881 1182 963 pedes.
1295 944 1299 949 ,

774 1016 913 1080 XXXVI.

409 1134 555 1195 Flectere
570 1140 602 1195 te
617 1131 730 1209 nolim,
753 1131 810 1193 sed
824 1153 882 1193 nec
897 1135 1025 1193 turbare
1041 1131 1189 1213 capillos,
1236 1146 1239 1151 '

452 1217 622 1299 Splendida
636 1219 678 1278 sit
690 1216 780 1296 nolo,
800 1216 926 1278 sordida
940 1216 1014 1278 nolo
1030 1219 1127 1294 outis;

408 1303 474 1364 Nec
489 1305 547 1363 tibi
561 1303 720 1362 mitrarum
735 1321 794 1362 neo
808 1303 850 1362 sit
863 1304 921 1362 tibi
937 1304 1033 1362 barba
1047 1321 1189 1362 reorum:

450 1386 529 1447 Nolo
543 1389 641 1447 virum
655 1388 797 1465 nimium,
818 1387 1002 1466 Pannyolre,
1023 1386 1096 1447 nolo
1111 1406 1230 1467 parum.

389 1469 501 1532 5Nuno
517 1479 588 1532 sunt
603 1491 694 1531 crura
708 1470 782 1551 pilis
798 1478 832 1532 et
846 1477 918 1531 sunt
933 1472 991 1532 tibi
1006 1478 1136 1552 pectora
1150 1473 1228 1531 setis

450 1555 604 1636 Horrida,
625 1554 682 1617 sed
696 1574 782 1616 mens
797 1562 862 1634 est,
884 1557 1068 1636 Pannyche‚
1089 1554 1175 1617 volsa
1190 1557 1257 1618 tibi.
1276 1603 1281 1611 .

770 1690 923 1754 XXXVII.

409 1800 566 1882 Quidquid
581 1804 707 1884 ponitur
720 1805 794 1865 hino
810 1811 843 1865 et
856 1803 930 1864 iude
944 1805 1061 1882 verris,

320 1949 323 1954 .
407 1887 556 1949 Mammas
571 1889 698 1948 suminis
713 1889 937 1969 imbricemque
952 1890 1042 1970 porei

408 1972 670 2053 Communemque
686 1972 804 2034 duobus
821 1981 1011 2053 attagenam,

408 2057 541 2119 Mullum
556 2057 715 2119 dimidium
729 2058 898 2139 lupumque
912 2064 1012 2119 totum

386 2143 642 2222 5Muraenaeque
655 2144 735 2204 latus
751 2145 915 2222 femurque
928 2141 1009 2224 pulli
1105 2136 1110 2145 ’
1126 2199 1135 2209 .

409 2227 647 2308 Stillantemque
663 2228 739 2289 alica
753 2249 807 2289 sua
821 2228 1007 2310 palumbum.

408 2312 495 2380 Haeo
510 2332 578 2373 oum
594 2311 718 2373 condita
734 2319 805 2373 sunt
820 2312 965 2373 madente
981 2330 1106 2392 mappa,

409 2393 590 2456 Traduntur
603 2416 701 2477 puero
718 2397 841 2458 domum
856 2396 996 2459 ferenda.

407 2479 471 2540 Nos
487 2483 691 2541 accumbimus
707 2483 807 2542 otiosa
821 2485 919 2544 turba.

367 2563 495 2626 10Ullus
511 2566 537 2625 si
552 2564 653 2646 pudor
669 2571 732 2644 eat,
753 2585 871 2648 repone
888 2587 1010 2628 cenam:

409 2650 486 2710 Cras
501 2655 549 2728 te,
573 2649 764 2730 Caeciliam,
783 2672 847 2713 nou
860 2654 972 2714 vocavi
1131 2682 1134 2689 ·

760 2793 928 2864 XXXVIII.

407 2911 488 2988 Quid
502 2914 577 2975 mihi
592 2912 704 2975 reddat
719 2933 793 2994 ager
810 2917 950 2995 quaeris,
972 2916 1068 2992 Liue,
1090 2912 1301 2974 Nomentanus

448 2998 517 3058 Hoc
533 2999 608 3060 mihi
623 2997 729 3060 reddit
745 3019 834 3079 agere
856 3006 906 3080 te,
927 3001 1022 3077 Line,
1044 3018 1107 3058 non
1122 2996 1223 3059 video.

771 3134 909 3198 XXXIX.

408 3245 542 3306 Coccina
554 3247 689 3308 famosae
705 3245 800 3307 donas
816 3254 850 3308 et
863 3248 1002 3307 ianthina
1015 3248 1179 3308 moechae:

449 3330 505 3393 Vos
521 3330 595 3392 dare
612 3351 690 3412 quae
706 3332 821 3392 meruit
834 3350 979 3411 munera,
994 3333 1084 3393 mitte
1100 3326 1228 3412 togam

810 3466 876 3531 XL.

404 3577 461 3637 Uri
478 3577 641 3657 Tongilius
656 3577 736 3639 male
752 3555 867 3639 dicitur
881 3581 1088 3644 hemitritaeo.

445 3660 523 3722 Novi
538 3664 670 3725 hominis
685 3662 827 3724 fraudes:
850 3667 950 3726 esurit
965 3672 1057 3746 atque
1074 3667 1151 3727 sitit.

405 3745 542 3808 Subdola
554 3747 726 3808 tenduntur
740 3750 852 3809 crassis
866 3769 948 3812 nuno
963 3752 1044 3811 retia
1059 3750 1176 3830 turdis,
