3267 4409
326 462 390 529 258
650 462 696 527 M.
710 461 804 527 VAL.
819 460 1047 525 MARTIALIS
1112 476 1115 483 ’

410 618 506 679 Poma
523 614 607 698 quod
619 615 751 676 hiberna
765 616 1005 676 maturescentia
1019 633 1127 695 capsa,

451 702 574 762 Arbore
593 700 675 780 quod
689 720 784 761 verua
798 699 974 760 luxuriosus
987 717 1078 778 ager3

388 787 457 850 sne
473 785 621 847 Palatinis
636 784 777 846 dominae
793 783 875 863 quod
891 783 999 844 Serica
1013 781 1147 864 praelis,

453 871 566 931 Sucina
578 872 717 949 virginea
731 869 815 948 quod
829 867 969 947 regelata
983 888 1092 944 manu;

410 956 572 1035 Amphora
584 953 665 1035 quod
682 955 782 1032 nigri,
804 952 861 1014 sed
874 951 968 1032 longe
983 954 1102 1032 fracta,
1121 949 1270 1036 Falerni,

452 1040 542 1118 Quod
557 1041 609 1120 qui
627 1039 763 1099 Sicanias
778 1036 901 1098 detinet
913 1038 1023 1097 hortus
1036 1055 1129 1117 apes;
1154 1059 1157 1069 ·

411 1125 503 1201 Quod
517 1124 620 1185 Cosmi
634 1121 782 1184 redolent
796 1122 949 1183 alabastra
962 1122 1088 1201 focique
1103 1120 1249 1202 deornm,

370 1220 406 1274 10
454 1208 544 1285 Quod
559 1207 650 1269 modo
666 1207 811 1268 divitibus
824 1205 912 1288 lapsa
925 1226 1040 1267 corona
1054 1209 1165 1268 comisa

291 1366 295 1375 Ι
412 1292 540 1372 Singula
554 1293 628 1372 quid
642 1292 764 1353 dicam?
785 1312 849 1352 non
865 1297 936 1353 sunt
949 1292 1042 1367 satis;
1063 1293 1164 1353 omnia
1176 1293 1290 1355 misce:

453 1379 522 1438 Hoc
536 1380 677 1457 fragrant
690 1379 781 1458 pueri
794 1378 880 1438 basia
893 1395 982 1437 mane
997 1378 1067 1439 mei.

412 1461 501 1522 Scire
516 1464 602 1543 cupis
615 1463 752 1523 nomen?
771 1463 798 1522 si
815 1468 946 1543 propter
962 1462 1063 1540 basia,
1083 1458 1198 1523 dicam:

453 1547 573 1609 iurasti.
601 1547 735 1613 Nimium
748 1548 846 1626 seire,
866 1546 997 1634 Sabine,
1018 1547 1115 1627 cupis.

733 1680 874 1753 ¹IX.

414 1792 526 1858 Clarus
540 1794 653 1856 fronde
668 1796 763 1874 loris,
783 1774 914 1855 ltomani
926 1796 1008 1857 fama
1024 1797 1185 1878 cothurni,

456 1880 562 1963 Spirat
575 1879 708 1962 Apellea
722 1879 865 1942 redditus
880 1888 948 1942 arte
962 1882 1095 1946 Memor.

829 2032 867 2097 X.

413 2143 556 2209 Contulit
570 2144 608 2206 ad
623 2146 732 2208 satiras
746 2147 884 2226 ingentia
897 2151 1026 2228 pectora
1040 2145 1174 2227 Turnus.

455 2231 519 2294 Cur
532 2250 595 2291 non
609 2230 648 2291 ad
661 2231 811 2293 Memoris
827 2231 983 2293 carmina?
1013 2231 1126 2292 Frater
1142 2236 1219 2295 erat.

415 2474 527 2556 Tolle,
548 2496 644 2558 puer,
665 2475 779 2539 calices
792 2476 954 2558 tepidique
969 2483 1142 2540 toreumata
1154 2474 1220 2541 Nili

453 2562 496 2624 Et
509 2563 584 2622 mihi
598 2580 707 2622 secura
720 2562 831 2644 pocula
845 2562 934 2623 trade
949 2582 1056 2641 mauu,
1184 2625 1188 2629 .

414 2646 504 2707 Trita
518 2652 638 2726 patrum
651 2645 747 2707 labris
762 2652 795 2707 et
808 2654 899 2707 tonso
914 2667 991 2728 pura
1004 2647 1162 2724 ministro;

454 2732 584 2793 Anticus
598 2734 712 2792 mensis
725 2733 910 2793 restituetur
924 2732 1033 2792 honor.

390 2813 464 2878 5Tc
477 2821 588 2897 potare
602 2814 695 2877 decet
708 2835 843 2896 gemma,
865 2818 917 2898 qui
932 2817 1078 2877 Mentora
1090 2815 1209 2897 frangis
1228 2883 1235 2894 ,

454 2901 490 2962 Ιιι
504 2901 662 2984 scaphium
677 2903 842 2983 moechae,
865 2900 1101 2983 Sardanapaile,
1123 2907 1205 2965 ture.

817 3037 884 3104 xii.

415 3148 465 3214 Ius
479 3148 538 3210 tibi
551 3154 694 3212 natorum
708 3148 759 3212 vel
775 3157 911 3232 septem,
934 3148 1041 3230 Zoile,
1064 3147 1174 3231 detur,

454 3233 534 3295 Dum
547 3241 678 3297 matrem
691 3254 782 3297 nemo
799 3235 855 3296 det
868 3237 943 3316 tibi,
963 3236 1055 3323 acmo
1068 3241 1200 3318 patrem.

811 3370 889 3436 XIII.

413 3482 558 3562 Quisquis
572 3481 752 3545 Flaminiam
766 3486 862 3565 teris,
882 3488 997 3566 viator,

410 3564 483 3626 Noli
496 3565 603 3628 nobile
616 3570 792 3649 praeterire
809 3591 952 3632 marmor.

411 3649 506 3709 Urbis
521 3649 653 3713 deliciae
669 3652 813 3734 salesque
828 3655 908 3734 Nili,

383 3778 385 3783 ,
411 3733 473 3796 Ars
489 3740 522 3795 et
535 3737 650 3819 gratia,
673 3738 757 3800 lusus
773 3746 806 3801 et
821 3739 977 3823 voluptas,

1347 3292 1357 3329 i
