3267 4409
326 474 387 542 18⁶
645 470 692 537 Μ.
706 469 798 536 VAL.
813 467 1039 533 Manilius

387 627 453 692 siit
466 643 556 687 mane
570 619 661 683 sudas
674 625 761 684 urbis
776 623 890 684 osculis
902 621 996 703 udus,

411 713 558 790 Foroque
573 707 691 788 triplici
705 727 828 788 sparsus
844 714 915 768 ante
934 727 1029 787 equos
1044 726 1151 769 omnes

409 795 589 873 Aedemque
603 792 715 852 Martis
730 799 763 853 et
777 791 920 853 colosson
934 793 1080 871 Augusti,

411 880 519 942 Curris
533 895 592 959 per
606 894 712 937 ornnes
725 879 897 957 tertiasque
912 878 1106 957 quintusque.
1215 878 1218 883 ’

409 965 511 1044 Rape,
533 979 683 1040 congere,
705 962 809 1039 aufer,
831 959 973 1041 posside:
994 958 1232 1042 relinquendum
1246 968 1304 1037 est.

369 1049 551 1129 lOSuperba
565 1045 669 1105 densis
683 1065 754 1106 arca
765 1044 883 1126 palleat
898 1047 1045 1125 nummis,

411 1134 543 1196 Centum
557 1128 751 1211 explicentur
762 1131 892 1210 paginae
907 1128 1113 1191 Kalendarum
1122 1178 1132 1210 ,

412 1217 528 1278 Iurabit
542 1215 652 1292 heres,
673 1220 706 1275 te
721 1213 800 1275 nihil
814 1214 996 1294 reliquisse,

410 1303 571 1380 Supraque
585 1297 723 1379 pluteum
736 1307 769 1359 te
783 1301 905 1360 iacente
924 1297 973 1360 vel
987 1319 1106 1378 aarum,

410 1385 523 1446 Fartus
537 1402 655 1464 papyro
671 1382 741 1443 dum
756 1384 814 1443 tibi
830 1389 916 1443 torua
931 1384 1061 1463 crescit,

370 1468 539 1534 laniantes
556 1469 707 1547 superbus
721 1468 851 1527 basiabit
868 1469 1042 1543 eunuchos;

413 1554 544 1632 Tuoque
558 1552 657 1612 tristia
670 1551 771 1629 filius,
791 1548 871 1611 velis
884 1550 997 1630 nolis,

411 1639 489 1697 Cum
504 1635 673 1697 concubino
690 1642 782 1696 nocte
798 1634 933 1696 dormiet
946 1637 1054 1717 prima.

792 1795 888 1858 XLV.

410 1905 535 1967 Priscus
550 1907 587 1966 ab
602 1907 749 1967 Aetnaeis
763 1909 855 1987 mihi,
876 1907 1005 1984 Flacoc‚
1029 1905 1199 1969 Terentius
1214 1909 1278 1968 oris

452 1988 622 2051 Redditnra'
640 1991 719 2052 hanc
732 1991 831 2052 lucem
847 1991 950 2052 lactea
966 2010 1084 2070 gemma
1097 1998 1196 2053 notet.

411 2074 534 2137 Defluat
549 2082 582 2136 et
594 2074 680 2136 lento
695 2073 894 2156 splendescat
907 2074 1031 2136 turbido
1046 2074 1113 2136 lino

452 2159 612 2240 Amphora
625 2166 757 2221 centeno
773 2161 899 2221 consule
913 2162 995 2221 facta
1008 2161 1118 2222 minor.

390 2244 583 2322 scontinget
598 2264 658 2305 nox
675 2244 796 2324 qnando
811 2247 888 2306 meis
902 2251 964 2305 tam
980 2242 1109 2305 candida
1124 2244 1265 2306 mensis?

456 2327 533 2387 Tam
548 2329 628 2389 iusto
643 2328 767 2389 dabitur
781 2329 902 2409 quando
918 2328 1021 2389 colere
1035 2329 1145 2389 merci

414 2411 491 2473 Cum
502 2418 550 2489 te,
571 2412 701 2490 Flacca,
723 2415 799 2474 mihi
813 2412 926 2474 reddet
942 2413 1112 2493 Cythereia
1126 2413 1264 2495 Cypros,

453 2495 607 2557 Luxuriae
619 2497 676 2557 fiet
691 2504 753 2557 tam
766 2500 847 2558 bona
861 2517 952 2558 causa
968 2517 1064 2564 meae.

796 2651 905 2716 XLVI.

413 2778 534 2854 Quanta
547 2783 600 2839 tna
613 2785 662 2838 est
676 2780 834 2861 probitas,
854 2786 941 2842 tanta
956 2789 1005 2842 est
1018 2780 1150 2842 infantia
1165 2781 1301 2860 formae,

455 2863 550 2922 Ceste
565 2881 661 2945 puer,
683 2882 780 2945 puero
798 2867 911 2926 castior
926 2865 1112 2947 Hippolyto!

413 2946 461 3007 Te
478 2965 582 3007 secum
597 2947 694 3007 Diana
709 2947 787 3009 velit
804 2949 975 3030 doceatque
993 2958 1118 3028 natare,

403 3048 408 3058 ¹
456 3031 504 3092 Tc
521 3028 639 3112 Cybele
653 3037 752 3093 totum
769 3033 878 3098 mallet
892 3038 1009 3096 habere
1024 3036 1159 3116 Phryge.

390 3116 465 3178 5'l'u
481 3115 679 3197 Ganymedeo
694 3123 819 3198 poteras
835 3119 1004 3182 succedere
1017 3118 1118 3199 lecto,

456 3200 519 3261 Sed
535 3201 629 3261 durus
644 3200 766 3264 domino
782 3206 866 3278 basia
881 3203 947 3266 oola
962 3205 1061 3265 dares.

409 3282 516 3362 Felix,
539 3303 616 3364 quae
630 3291 773 3359 tenerum
787 3291 909 3349 vexabit
926 3308 1038 3367 sponsa
1052 3289 1196 3350 maritum

452 3368 494 3428 Et
509 3387 586 3448 quae
604 3375 636 3429 te
651 3370 746 3432 faciet
759 3374 859 3453 prima
871 3371 977 3453 puella
991 3374 1103 3446 virum!

655 3528 659 3534 ’
785 3527 905 3592 XLVII.

390 3662 396 3682 ι
411 3636 488 3697 Pars
497 3596 692 3701 maxillarum
705 3647 793 3701 tonsa
807 3648 856 3702 ιιι
870 3642 944 3720 tibi,
966 3662 1038 3722 pars
1053 3643 1111 3704 tibi
1125 3663 1195 3704 rasa
1212 3648 1277 3724 est,

453 3721 528 3782 Pars
542 3722 627 3784 vulsa
642 3732 698 3786 est.
727 3726 830 3786 Unum
844 3727 910 3805 quis
925 3732 1014 3808 putat
1027 3745 1097 3789 esse
1112 3729 1227 3810 caput?
