3267 4409
663 471 951 549 1111111111.
1285 496 1337 551 ,ιι

359 627 426 682 Post
435 627 524 681 verba
539 623 631 696 epigr.
648 625 777 682 liticine
793 638 859 680 auos
875 630 937 680 octo
961 623 1095 697 deinceps
1117 626 1338 699 epigrammaton

305 711 427 766 lemmata
438 708 596 764 uncialibus
608 707 703 762 litteris
715 708 870 779 perscripta
881 714 958 778 sunt,
978 711 1077 779 quibus
1089 713 1231 780 quaternio
1244 717 1338 785 exple·

306 799 351 848 tur.
378 792 541 863 Scripturas
560 791 623 857 illas
638 791 827 846 consideranti
847 808 903 847 non
923 797 1015 864 potest
1035 795 1184 850 obscurum
1206 812 1286 865 esse,
1311 805 1339 853 et

305 875 371 932 hune
383 875 512 932 codicem
525 891 561 929 ex
573 875 678 929 familia
691 873 722 930 C·
734 874 888 929 derivatum
903 877 1038 947 peculiari
1058 877 1150 947 aliqua
1168 882 1337 949 praestantia
1351 891 1356 908 ¹

304 959 481 1030 conspicuum
491 975 549 1014 nou
561 974 636 1013 esse.
677 957 748 1012 Illud
759 958 842 1012 valde
860 959 1039 1015 memorabile
1052 964 1109 1026 est,
1128 961 1203 1031 quod
1217 979 1279 1017 eum
1292 980 1337 1018 co·

304 1041 538 1098 dexBethmanno
551 1042 642 1096 iudice
654 1057 730 1096 saec.
741 1041 780 1095 Χ]
797 1042 917 1113 scriptus
935 1044 1089 1098 Martialem
1104 1049 1212 1113 poetam
1229 1061 1336 1102 cocum·

302 1140 349 1198 que
365 1128 507 1196 appellet,
529 1142 586 1180 non
603 1125 686 1179 Italos
706 1124 818 1179 demum
831 1141 907 1180 saec.
918 1125 980 1194 XV,
1005 1142 1076 1196 quae
1088 1127 1154 1180 olim
1165 1128 1258 1197 opinio
1274 1146 1337 1186 mea

302 1214 362 1277 erat,
379 1214 512 1264 auctores
531 1210 594 1263 miri
611 1208 681 1262 tituli
698 1209 785 1263 tuisse
806 1213 932 1278 apparet.
978 1209 1036 1264 lam
1048 1226 1110 1264 cum
1122 1209 1219 1267 Xeniis
1230 1212 1277 1267 illa
1289 1229 1337 1284 ap·

301 1293 406 1363 pallatio
425 1292 554 1362 praefixa
571 1293 621 1358 sit,
646 1292 674 1344 in
692 1306 795 1346 caussa
812 1291 899 1346 luisse
915 1291 998 1347 huius
1016 1293 1104 1363 ipsius
1116 1293 1178 1348 libri
1190 1311 1337 1366 argumen-

267 1400 269 1405 ·
301 1381 360 1443 tum,
371 1391 423 1429 cur
437 1376 535 1430 iocose
547 1380 630 1446 poeta
648 1376 708 1429 ccci
722 1374 833 1429 nomine
845 1381 1036 1442 exornaretur,
1054 1378 1196 1445 probabile
1215 1379 1335 1450 cuipiam

301 1457 384 1513 videri
402 1459 506 1529 possit.
540 1459 704 1528 Quanquam
721 1474 756 1511 ne
774 1473 848 1512 nunc
867 1458 980 1529 quidem
997 1458 1066 1514 illud
1084 1461 1283 1532 negligendum
1294 1468 1338 1518 est

301 1541 370 1610 quod
382 1541 431 1596 ed.
441 1542 509 1596 mai.
522 1541 553 1596 T.
565 1542 598 1609 ss,
610 1559 639 1612 p.
651 1542 702 1599 736
712 1541 873 1612 perstrinxi.

278 1648 281 1657 ·
354 1625 508 1680 Praeterea
519 1626 558 1679 Μ.
569 1625 703 1695 Hauptius
715 1625 745 1679 in
761 1624 840 1679 Actis
861 1623 992 1680 Societat.
1007 1624 1068 1682 Litt.
1085 1625 1238 1696 Lipsiensis
1257 1631 1335 1696 1850,

300 1706 449 1779 lpesqq.
460 1713 569 1778 partem
588 1708 809 1778 epigrammaton
825 1707 959 1762 Martialis
978 1707 1096 1763 aliorum
1114 1715 1258 1779 poetarum
1277 1725 1337 1764 oar·

300 1791 415 1846 minibus
426 1791 615 1846 intermixtam
629 1791 752 1861 repperit
762 1791 791 1844 in
807 1790 904 1844 codice
920 1790 1041 1860 quodam
1058 1792 1182 1846 miscello
1198 1793 1336 1862 Lipsiensi

301 1888 369 1929 saec.
379 1873 418 1928 X.
448 1875 560 1945 Exque
573 1874 792 1945 quaeHauptius
809 1875 950 1944 excerpsit
964 1874 1015 1928 etsi
1030 1875 1130 1929 librum
1142 1891 1179 1929 ex
1192 1877 1266 1929 tonte
1280 1892 1337 1931 non

299 1958 365 2012 malo
375 1964 565 2029 propagatum
579 1957 688 2025 decent,
707 1955 891 2012 emendandis
903 1961 995 2011 tamen
1006 1963 1106 2027 poetae
1121 1959 1215 2013 verbis
1227 1961 1338 2028 perexi-

302 2055 380 2110 guum
389 2058 476 2096 usum
489 2041 602 2096 habent.
634 2039 779 2108 Quaedam
791 2041 862 2095 inira
875 2041 1106 2096 commemoravi:
1124 2043 1336 2097 commemorari

300 2123 376 2178 etiam
392 2124 448 2179 hoc
467 2129 574 2194 potest,
598 2124 725 2179 codicem
741 2125 804 2178 libr.
821 2130 848 2196 2,
859 2127 903 2192 80,
915 2129 933 2180 2
943 2122 996 2178 Dic
1007 2122 1108 2177 offerre
1120 2140 1170 2193 pro
1181 2126 1259 2195 vulg.
1271 2125 1335 2196 Hic,

301 2205 370 2276 quod
380 2207 477 2278 ipsum
486 2207 552 2264 Ant.
564 2207 653 2263 Roius
667 2209 811 2278 poscebat.
842 2207 880 2265 At
891 2207 1049 2278 excerptori
1061 2207 1245 2263 conveniebat
1256 2207 1334 2277 illud,

301 2288 442 2362 inintegro
457 2292 581 2346 carmine
592 2291 647 2346 Hic
657 2291 747 2360 aptius
759 2295 812 2345 est.
1198 2337 1202 2347 .

353 2375 502 2430 Postremo
516 2375 589 2430 Guil.
601 2375 773 2430 Hamiltonus
790 2371 827 2428 ad
839 2374 1014 2429 collationem
1026 2373 1247 2446 Edinburgensis
1260 2375 1336 2431 cedi·

268 2479 270 2483 ·
300 2455 336 2511 cis
350 2456 463 2513 addidit
478 2456 638 2526 „Adnotata
660 2457 799 2528 quaedam
813 2457 947 2513 Hadriani
963 2458 1034 2513 lunii
1051 2475 1087 2514 ex
1103 2458 1217 2514 schedis
1228 2459 1335 2514 Dorvil·

300 2539 388 2609 liaris,
416 2542 441 2598 si
463 2546 539 2596 recte
561 2542 688 2609 memini,
709 2541 739 2596 in
757 2539 932 2615 bibliotheca
945 2540 1100 2597 Bodleiana
1119 2543 1272 2602 asservatis
1288 2558 1336 2598 ex«

301 2626 420 2694 cerpta.“
463 2623 541 2692 Quae
559 2641 597 2679 ex
608 2625 741 2681 Thuanee
760 2625 859 2679 codice
877 2626 993 2696 repetita
1005 2641 1068 2681 csse
1080 2631 1209 2681 accurate
1218 2642 1263 2681 me
1273 2642 1336 2697 per·

258 2718 283 2779 11
300 2708 444 2779 vestigatio
463 2707 568 2765 docuit.
589 2737 633 2747 —
653 2708 779 2779 Denique
791 2708 886 2764 uthoc
899 2709 1016 2776 addam,
1039 2709 1076 2763 ad
1087 2709 1195 2764 indices
1208 2709 1336 2764 codicum

301 2790 360 2845 olim
372 2791 514 2847 exhibitos
525 2791 661 2861 accedant
677 2793 782 2862 aliquot
792 2791 906 2848 codices
919 2809 955 2846 ex
964 2793 1031 2847 Maii
1043 2792 1195 2865 Spicilegio
1208 2792 1345 2849 Romano.

300 2871 329 2940 V,
337 2891 367 2945 P·
379 2879 431 2935 191
444 2881 473 2930 et
482 2880 544 2934 212.
586 2876 681 2930 Priore
699 2877 760 2930 loco
776 2881 904 2931 vetustus
922 2875 1008 2930 index
1024 2877 1093 2930 inter
1108 2877 1221 2932 codices
1239 2877 1336 2932 biblio·

300 2954 393 3013 drecae
415 2958 668 3014 Laureshamensis
686 2959 785 3015 habet:
809 2960 904 3028 „Libri
920 2959 1053 3016 Martialis
1070 2966 1169 3031 poetae
1182 2960 1211 3014 in
1221 2975 1276 3014 uno
1290 2976 1336 3015 co·

274 3082 277 3091 .
300 3037 392 3109 dice“;
410 3041 600 3097 alteroindex
616 3041 792 3100 corbeiensis
809 3042 1009 3098 bibliothecae:
1033 3044 1197 3111 „Martialis
1221 3041 1334 3107 Statius.

298 3122 429 3180 Aeneis.“
458 3125 499 3180 De
511 3126 574 3180 aliis
586 3125 753 3196 quibusdam
766 3127 812 3181 vel
825 3124 862 3180 ad
874 3126 1080 3182 emendandum
1092 3128 1137 3181 vel
1148 3125 1184 3179 ad
1196 3125 1335 3194 explican-

297 3204 356 3264 dum
366 3209 526 3265 Martialem
537 3209 688 3279 praesidiis
701 3209 793 3266 dicam
810 3210 839 3265 in
851 3210 1073 3277 commentariis,
1097 3225 1167 3279 quos
1185 3207 1335 3281 aliquando

296 3291 375 3347 edere
387 3294 501 3348 animus
513 3298 567 3348 est.

272 3422 275 3429 .
349 3377 396 3432 Ex
419 3377 501 3433 libris
524 3391 624 3431 recens
646 3377 776 3432 excussis
792 3381 823 3431 ot
840 3377 868 3431 in
880 3368 1118 3447 recognoscendis
1128 3377 1223 3432 verbis
1234 3381 1335 3447 poetae

294 3474 344 3514 non
354 3462 476 3516 multum
486 3460 610 3530 proieci,
627 3459 665 3514 ita
677 3460 774 3520 sedulo
786 3476 901 3531 operam
913 3459 993 3527 dedi,
1006 3466 1035 3514 ut
1048 3461 1145 3515 iterum
1157 3460 1258 3515 edendi
1267 3468 1336 3515 con·
1376 3468 1381 3535 “g

294 3541 400 3599 dicione
417 3549 535 3617 praeter
553 3544 714 3614 opinionem
731 3545 824 3599 oblata
839 3543 973 3598 Martialis
992 3545 1033 3598 sui
1055 3544 1170 3599 similior
1191 3542 1334 3598 evaderet.

292 3626 344 3683 Nec
356 3630 512 3700 quisquam
523 3627 682 3693 mirabitur,
700 3626 776 3698 quod
786 3628 936 3683 interiectis
949 3627 1057 3682 duobus
1069 3629 1162 3682 lustris
1174 3629 1208 3682 ab
1221 3643 1256 3681 ea
1267 3627 1336 3683 scri·

291 3716 376 3782 ptura,
389 3729 478 3785 quam
491 3713 519 3766 in
532 3711 656 3767 editione
668 3712 772 3766 maiore
784 3726 944 3782 posueram,
956 3727 1011 3765 non
1024 3711 1061 3765 ita
1073 3727 1136 3765 raro
1149 3703 1265 3766 recessi.
1289 3712 1335 3769 Et-

291 3798 358 3853 enim
369 3799 430 3854 alia
444 3797 502 3853 iam
513 3796 542 3852 in
552 3787 702 3851 Addendis
713 3799 740 3850 et
750 3792 932 3871 Corrigendis
944 3811 983 3854 ex
991 3795 1356 3874 praestantissrmtsllu'ts,
