<?xml version="1.0" encoding="UTF-8"?>
<!DOCTYPE html PUBLIC "-//W3C//DTD XHTML 1.0 Transitional//EN"
    "http://www.w3.org/TR/xhtml1/DTD/xhtml1-transitional.dtd">
<html xmlns="http://www.w3.org/1999/xhtml" xml:lang="en" lang="en">
 <head>
  <title>
</title>
<meta http-equiv="Content-Type" content="text/html;charset=utf-8" />
  <meta name='ocr-system' content='tesseract 3.04.00' />
  <meta name='ocr-capabilities' content='ocr_page ocr_carea ocr_par ocr_line ocrx_word'/>
</head>
<body>
  <div class='ocr_page' id='page_1' title='image "./mvalmartialisep00martgoog_0322.png"; bbox 0 0 3267 4409; ppageno 0'>
   <div class='ocr_carea' id='block_1_1' title="bbox 535 485 1311 554">
    <p class='ocr_par' dir='ltr' id='par_1_1' title="bbox 535 485 1311 554">
     <span class='ocr_line' id='line_1_1' title="bbox 535 485 1311 554; baseline 0.005 -6"><span class='ocrx_word' id='word_1_1' title='bbox 535 485 873 549; x_wconf 83' lang='lat' dir='ltr'>EPIGRAMMATON</span> <span class='ocrx_word' id='word_1_2' title='bbox 889 486 963 547; x_wconf 85' lang='lat' dir='ltr'>LIB.</span> <span class='ocrx_word' id='word_1_3' title='bbox 977 487 1041 550; x_wconf 85' lang='lat' dir='ltr'>XII.</span> <span class='ocrx_word' id='word_1_4' title='bbox 1247 489 1311 554; x_wconf 75' lang='lat'><strong>289</strong></span> 
     </span>
    </p>
   </div>
   <div class='ocr_carea' id='block_1_2' title="bbox 312 637 1213 1809">
    <p class='ocr_par' dir='ltr' id='par_1_2' title="bbox 312 637 1213 1809">
     <span class='ocr_line' id='line_1_2' title="bbox 355 637 1129 720; baseline 0 -20"><span class='ocrx_word' id='word_1_5' title='bbox 355 638 445 718; x_wconf 82' lang='lat' dir='ltr'><strong>Quod</strong></span> <span class='ocrx_word' id='word_1_6' title='bbox 457 659 519 700; x_wconf 91' lang='lat' dir='ltr'><strong>non</strong></span> <span class='ocrx_word' id='word_1_7' title='bbox 533 659 551 698; x_wconf 90' lang='lat' dir='ltr'><strong>a</strong></span> <span class='ocrx_word' id='word_1_8' title='bbox 564 639 662 720; x_wconf 89' lang='lat' dir='ltr'><strong>prima</strong></span> <span class='ocrx_word' id='word_1_9' title='bbox 677 638 847 699; x_wconf 80' lang='lat' dir='ltr'><strong>discurram</strong></span> <span class='ocrx_word' id='word_1_10' title='bbox 861 637 932 699; x_wconf 90' lang='lat' dir='ltr'><strong>luce</strong></span> <span class='ocrx_word' id='word_1_11' title='bbox 948 657 1007 719; x_wconf 91' lang='lat' dir='ltr'><strong>per</strong></span> <span class='ocrx_word' id='word_1_12' title='bbox 1020 641 1129 700; x_wconf 89' lang='lat' dir='ltr'><strong>urbem</strong></span> 
     </span>
     <span class='ocr_line' id='line_1_3' title="bbox 395 721 1174 785; baseline 0 -2"><span class='ocrx_word' id='word_1_13' title='bbox 395 725 437 784; x_wconf 82' lang='lat' dir='ltr'><strong>Et</strong></span> <span class='ocrx_word' id='word_1_14' title='bbox 450 724 585 783; x_wconf 85' lang='lat' dir='ltr'><strong>referam</strong></span> <span class='ocrx_word' id='word_1_15' title='bbox 597 722 694 782; x_wconf 82' lang='lat' dir='ltr'><strong>lassus</strong></span> <span class='ocrx_word' id='word_1_16' title='bbox 709 723 793 784; x_wconf 88' lang='lat' dir='ltr'><strong>basia</strong></span> <span class='ocrx_word' id='word_1_17' title='bbox 807 722 893 783; x_wconf 84' lang='lat' dir='ltr'><strong>mllle</strong></span> <span class='ocrx_word' id='word_1_18' title='bbox 908 721 1039 785; x_wconf 93' lang='lat' dir='ltr'><strong>domum.</strong></span> <span class='ocrx_word' id='word_1_19' title='bbox 1070 774 1072 778; x_wconf 70' lang='grc'>,</span> <span class='ocrx_word' id='word_1_20' title='bbox 1172 740 1174 744; x_wconf 75' lang='grc'>’</span> 
     </span>
     <span class='ocr_line' id='line_1_4' title="bbox 332 805 1115 887; baseline -0.003 -17"><span class='ocrx_word' id='word_1_21' title='bbox 332 807 421 870; x_wconf 72' lang='lat' dir='ltr'><strong>bsed</strong></span> <span class='ocrx_word' id='word_1_22' title='bbox 435 814 469 867; x_wconf 89' lang='lat' dir='ltr'><strong>tu</strong></span> <span class='ocrx_word' id='word_1_23' title='bbox 483 810 648 887; x_wconf 83' lang='lat' dir='ltr'><strong>purpureis</strong></span> <span class='ocrx_word' id='word_1_24' title='bbox 663 813 697 866; x_wconf 98' lang='lat' dir='ltr'><strong>ut</strong></span> <span class='ocrx_word' id='word_1_25' title='bbox 711 805 767 866; x_wconf 82' lang='lat' dir='ltr'><strong>des</strong></span> <span class='ocrx_word' id='word_1_26' title='bbox 781 825 859 866; x_wconf 89' lang='lat' dir='ltr'><strong>nova</strong></span> <span class='ocrx_word' id='word_1_27' title='bbox 871 809 995 867; x_wconf 89' lang='lat' dir='ltr'><strong>nomina</strong></span> <span class='ocrx_word' id='word_1_28' title='bbox 1010 808 1115 886; x_wconf 76' lang='lat' dir='ltr'><strong>fastis,</strong></span> 
     </span>
     <span class='ocr_line' id='line_1_5' title="bbox 396 890 1152 971; baseline 0.003 -21"><span class='ocrx_word' id='word_1_29' title='bbox 396 892 460 951; x_wconf 87' lang='lat' dir='ltr'><strong>Aut</strong></span> <span class='ocrx_word' id='word_1_30' title='bbox 473 890 642 951; x_wconf 80' lang='lat' dir='ltr'><strong>Nomadum</strong></span> <span class='ocrx_word' id='word_1_31' title='bbox 656 897 764 968; x_wconf 85' lang='lat' dir='ltr'><strong>gentes</strong></span> <span class='ocrx_word' id='word_1_32' title='bbox 779 891 1032 971; x_wconf 79' lang='lat' dir='ltr'><strong>Cappadocumve</strong></span> <span class='ocrx_word' id='word_1_33' title='bbox 1047 910 1152 970; x_wconf 85' lang='lat' dir='ltr'><strong>regas:</strong></span> 
     </span>
     <span class='ocr_line' id='line_1_6' title="bbox 354 975 1184 1055; baseline 0.001 -20"><span class='ocrx_word' id='word_1_34' title='bbox 354 977 397 1035; x_wconf 86' lang='lat' dir='ltr'><strong>At</strong></span> <span class='ocrx_word' id='word_1_35' title='bbox 411 976 501 1053; x_wconf 88' lang='lat' dir='ltr'><strong>mihi,</strong></span> <span class='ocrx_word' id='word_1_36' title='bbox 523 993 614 1054; x_wconf 92' lang='lat' dir='ltr'><strong>quem</strong></span> <span class='ocrx_word' id='word_1_37' title='bbox 627 976 711 1052; x_wconf 88' lang='lat' dir='ltr'><strong>cogis</strong></span> <span class='ocrx_word' id='word_1_38' title='bbox 725 975 844 1034; x_wconf 90' lang='lat' dir='ltr'><strong>medios</strong></span> <span class='ocrx_word' id='word_1_39' title='bbox 860 978 1045 1055; x_wconf 86' lang='lat' dir='ltr'><strong>obrumpere</strong></span> <span class='ocrx_word' id='word_1_40' title='bbox 1061 994 1184 1037; x_wconf 90' lang='lat' dir='ltr'><strong>somnos</strong></span> 
     </span>
     <span class='ocr_line' id='line_1_7' title="bbox 395 1058 1002 1138; baseline 0 -20"><span class='ocrx_word' id='word_1_41' title='bbox 395 1060 437 1118; x_wconf 86' lang='lat' dir='ltr'><strong>Et</strong></span> <span class='ocrx_word' id='word_1_42' title='bbox 451 1062 632 1119; x_wconf 87' lang='lat' dir='ltr'><strong>matutiuum</strong></span> <span class='ocrx_word' id='word_1_43' title='bbox 646 1059 732 1119; x_wconf 89' lang='lat' dir='ltr'><strong>ferre</strong></span> <span class='ocrx_word' id='word_1_44' title='bbox 746 1061 872 1138; x_wconf 88' lang='lat' dir='ltr'><strong>patique</strong></span> <span class='ocrx_word' id='word_1_45' title='bbox 886 1058 1002 1137; x_wconf 87' lang='lat' dir='ltr'><strong>lutum,</strong></span> 
     </span>
     <span class='ocr_line' id='line_1_8' title="bbox 354 1141 1153 1224; baseline 0.003 -23"><span class='ocrx_word' id='word_1_46' title='bbox 354 1142 437 1219; x_wconf 81' lang='lat' dir='ltr'><strong>Quid</strong></span> <span class='ocrx_word' id='word_1_47' title='bbox 449 1144 589 1223; x_wconf 74' lang='lat' dir='ltr'><strong>petitur?</strong></span> <span class='ocrx_word' id='word_1_48' title='bbox 617 1143 718 1224; x_wconf 88' lang='lat' dir='ltr'><strong>Rupta</strong></span> <span class='ocrx_word' id='word_1_49' title='bbox 732 1162 800 1203; x_wconf 92' lang='lat' dir='ltr'><strong>cum</strong></span> <span class='ocrx_word' id='word_1_50' title='bbox 815 1163 871 1222; x_wconf 90' lang='lat' dir='ltr'><strong>pes</strong></span> <span class='ocrx_word' id='word_1_51' title='bbox 885 1163 976 1222; x_wconf 84' lang='lat' dir='ltr'><strong>vagus</strong></span> <span class='ocrx_word' id='word_1_52' title='bbox 992 1144 1055 1203; x_wconf 83' lang='lat' dir='ltr'><strong>exit</strong></span> <span class='ocrx_word' id='word_1_53' title='bbox 1070 1141 1153 1203; x_wconf 89' lang='lat' dir='ltr'><strong>aluta</strong></span> 
     </span>
     <span class='ocr_line' id='line_1_9' title="bbox 318 1225 1090 1306; baseline -0.004 -17"><span class='ocrx_word' id='word_1_54' title='bbox 318 1237 351 1289; x_wconf 88' lang='lat'><strong>10</strong></span> <span class='ocrx_word' id='word_1_55' title='bbox 398 1228 573 1288; x_wconf 72' lang='lat' dir='ltr'><strong>ursanus</strong></span> <span class='ocrx_word' id='word_1_56' title='bbox 590 1245 711 1286; x_wconf 88' lang='lat' dir='ltr'><strong>crassae</strong></span> <span class='ocrx_word' id='word_1_57' title='bbox 727 1225 845 1288; x_wconf 84' lang='lat' dir='ltr'><strong>decidit</strong></span> <span class='ocrx_word' id='word_1_58' title='bbox 861 1229 961 1288; x_wconf 85' lang='lat' dir='ltr'><strong>imber</strong></span> <span class='ocrx_word' id='word_1_59' title='bbox 976 1246 1090 1306; x_wconf 86' lang='lat' dir='ltr'><strong>aquae,</strong></span> 
     </span>
     <span class='ocr_line' id='line_1_10' title="bbox 314 1309 1084 1389; baseline 0.003 -22"><span class='ocrx_word' id='word_1_60' title='bbox 314 1353 317 1367; x_wconf 93' lang='lat'><em>.</em></span> <span class='ocrx_word' id='word_1_61' title='bbox 353 1311 420 1381; x_wconf 81' lang='lat' dir='ltr'><strong>Nec</strong></span> <span class='ocrx_word' id='word_1_62' title='bbox 432 1312 518 1370; x_wconf 85' lang='lat' dir='ltr'><strong>renit</strong></span> <span class='ocrx_word' id='word_1_63' title='bbox 535 1310 644 1371; x_wconf 89' lang='lat' dir='ltr'><strong>ablatis</strong></span> <span class='ocrx_word' id='word_1_64' title='bbox 660 1309 806 1370; x_wconf 86' lang='lat' dir='ltr'><strong>clamatus</strong></span> <span class='ocrx_word' id='word_1_65' title='bbox 821 1331 916 1371; x_wconf 85' lang='lat' dir='ltr'><strong>verua</strong></span> <span class='ocrx_word' id='word_1_66' title='bbox 929 1310 1084 1389; x_wconf 73' lang='lat' dir='ltr'><strong>lacernis,</strong></span> 
     </span>
     <span class='ocr_line' id='line_1_11' title="bbox 396 1393 1046 1472; baseline -0.002 -18"><span class='ocrx_word' id='word_1_67' title='bbox 396 1394 527 1455; x_wconf 78' lang='lat' dir='ltr'><strong>Accedit</strong></span> <span class='ocrx_word' id='word_1_68' title='bbox 542 1393 673 1472; x_wconf 87' lang='lat' dir='ltr'><strong>gelidam</strong></span> <span class='ocrx_word' id='word_1_69' title='bbox 688 1413 794 1472; x_wconf 80' lang='lat' dir='ltr'><strong>servus</strong></span> <span class='ocrx_word' id='word_1_70' title='bbox 808 1395 848 1454; x_wconf 86' lang='lat' dir='ltr'><strong>ad</strong></span> <span class='ocrx_word' id='word_1_71' title='bbox 863 1393 1046 1472; x_wconf 88' lang='lat' dir='ltr'><strong>auriculam,</strong></span> 
     </span>
     <span class='ocr_line' id='line_1_12' title="bbox 335 1472 1127 1558; baseline 0 -21"><span class='ocrx_word' id='word_1_72' title='bbox 335 1490 337 1492; x_wconf 80' lang='grc'><strong>’</strong></span> <span class='ocrx_word' id='word_1_73' title='bbox 352 1479 394 1537; x_wconf 85' lang='lat' dir='ltr'><strong>Et</strong></span> <span class='ocrx_word' id='word_1_74' title='bbox 408 1478 528 1556; x_wconf 86' lang='lat' dir='ltr'><strong>„Rogat</strong></span> <span class='ocrx_word' id='word_1_75' title='bbox 541 1486 576 1539; x_wconf 97' lang='lat' dir='ltr'><strong>ut</strong></span> <span class='ocrx_word' id='word_1_76' title='bbox 589 1472 693 1538; x_wconf 78' lang='lat' dir='ltr'><strong>seeum</strong></span> <span class='ocrx_word' id='word_1_77' title='bbox 708 1497 801 1538; x_wconf 88' lang='lat' dir='ltr'><strong>cenes</strong></span> <span class='ocrx_word' id='word_1_78' title='bbox 810 1479 1001 1558; x_wconf 52' lang='grc' dir='ltr'><strong>ΙΙιιιοῑιιιίιιιιι</strong></span> <span class='ocrx_word' id='word_1_79' title='bbox 1017 1479 1127 1558; x_wconf 90' lang='lat' dir='ltr'><strong>iuquit.</strong></span> 
     </span>
     <span class='ocr_line' id='line_1_13' title="bbox 395 1562 1094 1640; baseline -0.001 -17"><span class='ocrx_word' id='word_1_80' title='bbox 395 1562 514 1640; x_wconf 81' lang='lat' dir='ltr'><strong>Viginti</strong></span> <span class='ocrx_word' id='word_1_81' title='bbox 527 1564 681 1621; x_wconf 72' lang='lat' dir='ltr'><strong>nummis?</strong></span> <span class='ocrx_word' id='word_1_82' title='bbox 701 1574 763 1620; x_wconf 82' lang='lat' dir='ltr'><strong>non</strong></span> <span class='ocrx_word' id='word_1_83' title='bbox 778 1581 851 1640; x_wconf 87' lang='lat' dir='ltr'><strong>ego:</strong></span> <span class='ocrx_word' id='word_1_84' title='bbox 872 1562 951 1623; x_wconf 92' lang='lat' dir='ltr'><strong>malo</strong></span> <span class='ocrx_word' id='word_1_85' title='bbox 966 1564 1094 1640; x_wconf 88' lang='lat' dir='ltr'><strong>famem,</strong></span> 
     </span>
     <span class='ocr_line' id='line_1_14' title="bbox 312 1646 1213 1727; baseline -0.002 -19"><span class='ocrx_word' id='word_1_86' title='bbox 312 1657 344 1708; x_wconf 84' lang='lat'><strong>15</strong></span> <span class='ocrx_word' id='word_1_87' title='bbox 354 1647 450 1722; x_wconf 78' lang='lat' dir='ltr'><strong>Quam</strong></span> <span class='ocrx_word' id='word_1_88' title='bbox 465 1647 506 1706; x_wconf 89' lang='lat' dir='ltr'><strong>sit</strong></span> <span class='ocrx_word' id='word_1_89' title='bbox 520 1664 595 1706; x_wconf 91' lang='lat' dir='ltr'><strong>cena</strong></span> <span class='ocrx_word' id='word_1_90' title='bbox 611 1646 702 1723; x_wconf 88' lang='lat' dir='ltr'><strong>mihi,</strong></span> <span class='ocrx_word' id='word_1_91' title='bbox 722 1647 780 1705; x_wconf 91' lang='lat' dir='ltr'><strong>tibi</strong></span> <span class='ocrx_word' id='word_1_92' title='bbox 795 1647 836 1706; x_wconf 78' lang='lat' dir='ltr'><strong>sit</strong></span> <span class='ocrx_word' id='word_1_93' title='bbox 848 1648 1005 1727; x_wconf 81' lang='lat' dir='ltr'><strong>proviacia</strong></span> <span class='ocrx_word' id='word_1_94' title='bbox 1018 1664 1155 1724; x_wconf 89' lang='lat' dir='ltr'><strong>merces,</strong></span> <span class='ocrx_word' id='word_1_95' title='bbox 1211 1692 1213 1696; x_wconf 15' lang='grc' dir='ltr'><em>Α</em></span> 
     </span>
     <span class='ocr_line' id='line_1_15' title="bbox 393 1729 1083 1809; baseline 0.003 -19"><span class='ocrx_word' id='word_1_96' title='bbox 393 1731 436 1790; x_wconf 89' lang='lat' dir='ltr'><strong>Et</strong></span> <span class='ocrx_word' id='word_1_97' title='bbox 449 1729 594 1789; x_wconf 88' lang='lat' dir='ltr'><strong>Iaeiamus</strong></span> <span class='ocrx_word' id='word_1_98' title='bbox 609 1729 692 1789; x_wconf 86' lang='lat' dir='ltr'><strong>idem</strong></span> <span class='ocrx_word' id='word_1_99' title='bbox 700 1772 709 1808; x_wconf 89' lang='lat'><strong>,</strong></span> <span class='ocrx_word' id='word_1_100' title='bbox 730 1747 788 1790; x_wconf 90' lang='lat' dir='ltr'><strong>nec</strong></span> <span class='ocrx_word' id='word_1_101' title='bbox 803 1749 976 1809; x_wconf 88' lang='lat' dir='ltr'><strong>mereamur</strong></span> <span class='ocrx_word' id='word_1_102' title='bbox 990 1730 1083 1792; x_wconf 92' lang='lat' dir='ltr'><strong>idem.</strong></span> 
     </span>
    </p>
   </div>
   <div class='ocr_carea' id='block_1_3' title="bbox 727 1863 849 1928">
    <p class='ocr_par' dir='ltr' id='par_1_3' title="bbox 727 1863 849 1928">
     <span class='ocr_line' id='line_1_16' title="bbox 727 1863 849 1928; baseline 0.008 -4"><span class='ocrx_word' id='word_1_103' title='bbox 727 1863 849 1928; x_wconf 86' lang='lat' dir='ltr'>XXVII.</span> 
     </span>
    </p>
   </div>
   <div class='ocr_carea' id='block_1_4' title="bbox 352 1978 1066 2141">
    <p class='ocr_par' dir='ltr' id='par_1_4' title="bbox 352 1978 1066 2141">
     <span class='ocr_line' id='line_1_17' title="bbox 352 1978 846 2039; baseline -0.002 0"><span class='ocrx_word' id='word_1_104' title='bbox 352 1981 380 2039; x_wconf 90' lang='lat' dir='ltr'>A</span> <span class='ocrx_word' id='word_1_105' title='bbox 394 1978 566 2039; x_wconf 80' lang='lat' dir='ltr'><strong>latronibus</strong></span> <span class='ocrx_word' id='word_1_106' title='bbox 580 1996 651 2037; x_wconf 90' lang='lat' dir='ltr'><strong>esse</strong></span> <span class='ocrx_word' id='word_1_107' title='bbox 666 1983 698 2038; x_wconf 85' lang='lat' dir='ltr'><strong>te</strong></span> <span class='ocrx_word' id='word_1_108' title='bbox 715 1979 846 2038; x_wconf 84' lang='lat' dir='ltr'><strong>fututam</strong></span> 
     </span>
     <span class='ocr_line' id='line_1_18' title="bbox 352 2061 1066 2141; baseline -0.001 -18"><span class='ocrx_word' id='word_1_109' title='bbox 352 2063 454 2141; x_wconf 82' lang='lat' dir='ltr'><strong>Dicis,</strong></span> <span class='ocrx_word' id='word_1_110' title='bbox 476 2062 602 2122; x_wconf 84' lang='lat' dir='ltr'><strong>Saenia:</strong></span> <span class='ocrx_word' id='word_1_111' title='bbox 625 2061 681 2121; x_wconf 93' lang='lat' dir='ltr'><strong>sed</strong></span> <span class='ocrx_word' id='word_1_112' title='bbox 695 2069 809 2141; x_wconf 91' lang='lat' dir='ltr'><strong>negant</strong></span> <span class='ocrx_word' id='word_1_113' title='bbox 823 2062 969 2125; x_wconf 89' lang='lat' dir='ltr'><strong>latrones.</strong></span> <span class='ocrx_word' id='word_1_114' title='bbox 1063 2100 1066 2105; x_wconf 94' lang='lat'><em>-</em></span> 
     </span>
    </p>
   </div>
   <div class='ocr_carea' id='block_1_5' title="bbox 724 2195 860 2258">
    <p class='ocr_par' dir='ltr' id='par_1_5' title="bbox 724 2195 860 2258">
     <span class='ocr_line' id='line_1_19' title="bbox 724 2195 860 2258; baseline 0.015 -3"><span class='ocrx_word' id='word_1_115' title='bbox 724 2195 860 2258; x_wconf 85' lang='lat' dir='ltr'>XXVIII.</span> 
     </span>
    </p>
   </div>
   <div class='ocr_carea' id='block_1_6' title="bbox 351 2302 1193 2471">
    <p class='ocr_par' dir='ltr' id='par_1_6' title="bbox 351 2302 1193 2471">
     <span class='ocr_line' id='line_1_20' title="bbox 351 2302 1174 2388; baseline 0.001 -20"><span class='ocrx_word' id='word_1_116' title='bbox 351 2307 430 2368; x_wconf 89' lang='lat' dir='ltr'><strong>Poto</strong></span> <span class='ocrx_word' id='word_1_117' title='bbox 446 2325 503 2386; x_wconf 88' lang='lat' dir='ltr'><strong>ego</strong></span> <span class='ocrx_word' id='word_1_118' title='bbox 518 2311 690 2385; x_wconf 81' lang='lat' dir='ltr'><strong>sextantes,</strong></span> <span class='ocrx_word' id='word_1_119' title='bbox 711 2314 745 2388; x_wconf 85' lang='lat' dir='ltr'><strong>tu</strong></span> <span class='ocrx_word' id='word_1_120' title='bbox 757 2314 863 2387; x_wconf 89' lang='lat' dir='ltr'><strong>potas,</strong></span> <span class='ocrx_word' id='word_1_121' title='bbox 885 2309 1000 2385; x_wconf 77' lang='lat' dir='ltr'><strong>(liuns,</strong></span> <span class='ocrx_word' id='word_1_122' title='bbox 1022 2302 1174 2387; x_wconf 78' lang='lat' dir='ltr'><strong>deunees,</strong></span> 
     </span>
     <span class='ocr_line' id='line_1_21' title="bbox 392 2390 1193 2471; baseline 0.005 -19"><span class='ocrx_word' id='word_1_123' title='bbox 392 2391 435 2452; x_wconf 81' lang='lat' dir='ltr'><strong>ist</strong></span> <span class='ocrx_word' id='word_1_124' title='bbox 449 2392 590 2471; x_wconf 82' lang='lat' dir='ltr'><strong>quereris</strong></span> <span class='ocrx_word' id='word_1_125' title='bbox 605 2390 687 2470; x_wconf 84' lang='lat' dir='ltr'><strong>¹quod</strong></span> <span class='ocrx_word' id='word_1_126' title='bbox 701 2411 779 2470; x_wconf 91' lang='lat' dir='ltr'><strong>non,</strong></span> <span class='ocrx_word' id='word_1_127' title='bbox 802 2391 915 2470; x_wconf 81' lang='lat' dir='ltr'><strong>Giano,</strong></span> <span class='ocrx_word' id='word_1_128' title='bbox 937 2393 1074 2452; x_wconf 81' lang='lat' dir='ltr'><strong>bibamus</strong></span> <span class='ocrx_word' id='word_1_129' title='bbox 1087 2391 1193 2455; x_wconf 75' lang='lat' dir='ltr'><strong>idem?</strong></span> 
     </span>
    </p>
   </div>
   <div class='ocr_carea' id='block_1_7' title="bbox 684 2498 846 2588">
    <p class='ocr_par' dir='ltr' id='par_1_7' title="bbox 684 2498 846 2588">
     <span class='ocr_line' id='line_1_22' title="bbox 684 2498 846 2588; baseline -0.006 0"><span class='ocrx_word' id='word_1_130' title='bbox 684 2498 694 2531; x_wconf 82' lang='lat'><strong>¹·</strong></span> <span class='ocrx_word' id='word_1_131' title='bbox 731 2525 846 2588; x_wconf 79' lang='lat' dir='ltr'><strong>xxix.</strong></span> 
     </span>
    </p>
   </div>
   <div class='ocr_carea' id='block_1_8' title="bbox 311 2636 1247 3722">
    <p class='ocr_par' dir='ltr' id='par_1_8' title="bbox 311 2636 1247 3722">
     <span class='ocr_line' id='line_1_23' title="bbox 352 2636 1236 2720; baseline 0.007 -25"><span class='ocrx_word' id='word_1_132' title='bbox 352 2636 567 2715; x_wconf 83' lang='lat' dir='ltr'><strong>Hermogenes</strong></span> <span class='ocrx_word' id='word_1_133' title='bbox 582 2642 685 2698; x_wconf 87' lang='lat' dir='ltr'><strong>tantus</strong></span> <span class='ocrx_word' id='word_1_134' title='bbox 698 2658 890 2717; x_wconf 87' lang='lat' dir='ltr'><strong>mapparum,</strong></span> <span class='ocrx_word' id='word_1_135' title='bbox 909 2636 1085 2714; x_wconf 80' lang='lat' dir='ltr'><strong>†Pontice‚</strong></span> <span class='ocrx_word' id='word_1_136' title='bbox 1106 2639 1158 2700; x_wconf 82' lang='lat' dir='ltr'><strong>lur</strong></span> <span class='ocrx_word' id='word_1_137' title='bbox 1171 2644 1236 2720; x_wconf 86' lang='lat' dir='ltr'><strong>est,</strong></span> 
     </span>
     <span class='ocr_line' id='line_1_24' title="bbox 396 2721 1137 2802; baseline 0.001 -23"><span class='ocrx_word' id='word_1_138' title='bbox 396 2721 533 2796; x_wconf 82' lang='lat' dir='ltr'><strong>Quantus</strong></span> <span class='ocrx_word' id='word_1_139' title='bbox 548 2741 738 2781; x_wconf 91' lang='lat' dir='ltr'><strong>nummorum</strong></span> <span class='ocrx_word' id='word_1_140' title='bbox 751 2723 817 2800; x_wconf 85' lang='lat' dir='ltr'><strong>vix,</strong></span> <span class='ocrx_word' id='word_1_141' title='bbox 837 2729 930 2802; x_wconf 87' lang='lat' dir='ltr'><strong>puto,</strong></span> <span class='ocrx_word' id='word_1_142' title='bbox 952 2722 1055 2782; x_wconf 89' lang='lat' dir='ltr'><strong>Massa</strong></span> <span class='ocrx_word' id='word_1_143' title='bbox 1068 2723 1137 2783; x_wconf 85' lang='lat' dir='ltr'><strong>fuit.</strong></span> 
     </span>
     <span class='ocr_line' id='line_1_25' title="bbox 352 2803 1175 2885; baseline 0.002 -21"><span class='ocrx_word' id='word_1_144' title='bbox 352 2803 403 2864; x_wconf 78' lang='lat' dir='ltr'><strong>&#39;I&#39;u</strong></span> <span class='ocrx_word' id='word_1_145' title='bbox 417 2803 493 2864; x_wconf 91' lang='lat' dir='ltr'><strong>lieet</strong></span> <span class='ocrx_word' id='word_1_146' title='bbox 508 2807 653 2866; x_wconf 85' lang='lat' dir='ltr'><strong>observes</strong></span> <span class='ocrx_word' id='word_1_147' title='bbox 668 2805 806 2866; x_wconf 80' lang='lat' dir='ltr'><strong>dextram</strong></span> <span class='ocrx_word' id='word_1_148' title='bbox 821 2811 990 2883; x_wconf 87' lang='lat' dir='ltr'><strong>teneasque</strong></span> <span class='ocrx_word' id='word_1_149' title='bbox 1005 2807 1175 2885; x_wconf 88' lang='lat' dir='ltr'><strong>siuistram,</strong></span> 
     </span>
     <span class='ocr_line' id='line_1_26' title="bbox 360 2888 1045 2969; baseline 0.004 -22"><span class='ocrx_word' id='word_1_150' title='bbox 360 2908 361 2911; x_wconf 45' lang='lat'>¹</span> <span class='ocrx_word' id='word_1_151' title='bbox 394 2888 548 2967; x_wconf 84' lang='lat' dir='ltr'><strong>Inveniet,</strong></span> <span class='ocrx_word' id='word_1_152' title='bbox 569 2909 707 2969; x_wconf 88' lang='lat' dir='ltr'><strong>mappam</strong></span> <span class='ocrx_word' id='word_1_153' title='bbox 724 2909 783 2968; x_wconf 89' lang='lat' dir='ltr'><strong>qua</strong></span> <span class='ocrx_word' id='word_1_154' title='bbox 797 2890 919 2948; x_wconf 86' lang='lat' dir='ltr'><strong>ratione</strong></span> <span class='ocrx_word' id='word_1_155' title='bbox 933 2889 1045 2950; x_wconf 88' lang='lat' dir='ltr'><strong>trahat.</strong></span> 
     </span>
     <span class='ocr_line' id='line_1_27' title="bbox 330 2971 1127 3052; baseline -0.003 -18"><span class='ocrx_word' id='word_1_156' title='bbox 330 2971 507 3034; x_wconf 79' lang='lat' dir='ltr'><strong>50ervinus</strong></span> <span class='ocrx_word' id='word_1_157' title='bbox 523 2971 656 3051; x_wconf 89' lang='lat' dir='ltr'><strong>gelidum</strong></span> <span class='ocrx_word' id='word_1_158' title='bbox 671 2976 779 3033; x_wconf 89' lang='lat' dir='ltr'><strong>sorbet</strong></span> <span class='ocrx_word' id='word_1_159' title='bbox 792 2975 837 3032; x_wconf 93' lang='lat' dir='ltr'><strong>sic</strong></span> <span class='ocrx_word' id='word_1_160' title='bbox 851 2971 965 3032; x_wconf 91' lang='lat' dir='ltr'><strong>halitus</strong></span> <span class='ocrx_word' id='word_1_161' title='bbox 980 2991 1127 3052; x_wconf 82' lang='lat' dir='ltr'><strong>anguem,</strong></span> 
     </span>
     <span class='ocr_line' id='line_1_28' title="bbox 394 3055 949 3136; baseline -0.004 -21"><span class='ocrx_word' id='word_1_162' title='bbox 394 3057 525 3117; x_wconf 77' lang='lat' dir='ltr'><strong>Casuras</strong></span> <span class='ocrx_word' id='word_1_163' title='bbox 541 3056 602 3116; x_wconf 89' lang='lat' dir='ltr'><strong>alte</strong></span> <span class='ocrx_word' id='word_1_164' title='bbox 618 3059 662 3116; x_wconf 84' lang='lat' dir='ltr'><strong>sic</strong></span> <span class='ocrx_word' id='word_1_165' title='bbox 677 3057 760 3136; x_wconf 91' lang='lat' dir='ltr'><strong>rapit</strong></span> <span class='ocrx_word' id='word_1_166' title='bbox 773 3055 831 3115; x_wconf 91' lang='lat' dir='ltr'><strong>Iris</strong></span> <span class='ocrx_word' id='word_1_167' title='bbox 846 3075 949 3134; x_wconf 89' lang='lat' dir='ltr'><strong>aquas.</strong></span> 
     </span>
     <span class='ocr_line' id='line_1_29' title="bbox 352 3139 1091 3222; baseline -0.001 -22"><span class='ocrx_word' id='word_1_168' title='bbox 352 3140 541 3220; x_wconf 15' lang='lat' dir='ltr'><strong>Nuper—cum</strong></span> <span class='ocrx_word' id='word_1_169' title='bbox 557 3142 682 3220; x_wconf 85' lang='lat' dir='ltr'><strong>Myrino</strong></span> <span class='ocrx_word' id='word_1_170' title='bbox 694 3146 858 3222; x_wconf 69' lang='lat' dir='ltr'><strong>peteretur</strong></span> <span class='ocrx_word' id='word_1_171' title='bbox 873 3140 977 3199; x_wconf 89' lang='lat' dir='ltr'><strong>missio</strong></span> <span class='ocrx_word' id='word_1_172' title='bbox 990 3139 1091 3217; x_wconf 87' lang='lat' dir='ltr'><strong>laeso,</strong></span> 
     </span>
     <span class='ocr_line' id='line_1_30' title="bbox 396 3222 1247 3303; baseline 0 -21"><span class='ocrx_word' id='word_1_173' title='bbox 396 3222 685 3303; x_wconf 80' lang='lat' dir='ltr'><strong>Subduxitinappas</strong></span> <span class='ocrx_word' id='word_1_174' title='bbox 701 3230 846 3303; x_wconf 87' lang='lat' dir='ltr'><strong>quattuor</strong></span> <span class='ocrx_word' id='word_1_175' title='bbox 860 3223 1083 3301; x_wconf 86' lang='lat' dir='ltr'><strong>Hermogenes.</strong></span> <span class='ocrx_word' id='word_1_176' title='bbox 1155 3268 1161 3279; x_wconf 12' lang='grc' dir='ltr'><strong>Δ,</strong></span> <span class='ocrx_word' id='word_1_177' title='bbox 1243 3265 1247 3276; x_wconf 84' lang='grc'><strong>.</strong></span> 
     </span>
     <span class='ocr_line' id='line_1_31' title="bbox 353 3305 1157 3389; baseline -0.002 -21"><span class='ocrx_word' id='word_1_178' title='bbox 353 3309 511 3368; x_wconf 86' lang='lat' dir='ltr'><strong>Cretatam</strong></span> <span class='ocrx_word' id='word_1_179' title='bbox 526 3316 654 3389; x_wconf 87' lang='lat' dir='ltr'><strong>praetor</strong></span> <span class='ocrx_word' id='word_1_180' title='bbox 669 3328 737 3367; x_wconf 90' lang='lat' dir='ltr'><strong>cum</strong></span> <span class='ocrx_word' id='word_1_181' title='bbox 750 3305 847 3368; x_wconf 82' lang='lat' dir='ltr'><strong>vellet</strong></span> <span class='ocrx_word' id='word_1_182' title='bbox 862 3308 987 3368; x_wconf 88' lang='lat' dir='ltr'><strong>mittere</strong></span> <span class='ocrx_word' id='word_1_183' title='bbox 1001 3326 1157 3387; x_wconf 80' lang='lat' dir='ltr'><strong>mappam,</strong></span> 
     </span>
     <span class='ocr_line' id='line_1_32' title="bbox 311 3391 1067 3472; baseline -0.003 -18"><span class='ocrx_word' id='word_1_184' title='bbox 311 3403 348 3454; x_wconf 88' lang='lat'><strong>10</strong></span> <span class='ocrx_word' id='word_1_185' title='bbox 394 3391 537 3452; x_wconf 89' lang='lat' dir='ltr'><strong>Praetori</strong></span> <span class='ocrx_word' id='word_1_186' title='bbox 554 3412 693 3472; x_wconf 86' lang='lat' dir='ltr'><strong>mappam</strong></span> <span class='ocrx_word' id='word_1_187' title='bbox 709 3393 1067 3472; x_wconf 77' lang='lat' dir='ltr'><strong>surpuitflermogenes.</strong></span> 
     </span>
     <span class='ocr_line' id='line_1_33' title="bbox 352 3475 1150 3557; baseline -0.003 -21"><span class='ocrx_word' id='word_1_188' title='bbox 352 3475 511 3537; x_wconf 88' lang='lat' dir='ltr'><strong>Attulerat</strong></span> <span class='ocrx_word' id='word_1_189' title='bbox 524 3496 662 3557; x_wconf 91' lang='lat' dir='ltr'><strong>mappam</strong></span> <span class='ocrx_word' id='word_1_190' title='bbox 677 3495 783 3552; x_wconf 88' lang='lat' dir='ltr'><strong>nemo,</strong></span> <span class='ocrx_word' id='word_1_191' title='bbox 805 3477 876 3535; x_wconf 90' lang='lat' dir='ltr'><strong>dum</strong></span> <span class='ocrx_word' id='word_1_192' title='bbox 885 3477 974 3535; x_wconf 85' lang='lat' dir='ltr'><strong>‘furta</strong></span> <span class='ocrx_word' id='word_1_193' title='bbox 987 3477 1150 3536; x_wconf 83' lang='lat' dir='ltr'><strong>timentur:</strong></span> 
     </span>
     <span class='ocr_line' id='line_1_34' title="bbox 395 3559 1049 3640; baseline -0.002 -20"><span class='ocrx_word' id='word_1_194' title='bbox 395 3559 560 3620; x_wconf 81' lang='lat' dir='ltr'><strong>Mantilee</strong></span> <span class='ocrx_word' id='word_1_195' title='bbox 575 3579 678 3619; x_wconf 88' lang='lat' dir='ltr'><strong>mensa</strong></span> <span class='ocrx_word' id='word_1_196' title='bbox 693 3562 811 3640; x_wconf 86' lang='lat' dir='ltr'><strong>surpuit</strong></span> <span class='ocrx_word' id='word_1_197' title='bbox 827 3562 1049 3638; x_wconf 86' lang='lat' dir='ltr'><strong>Hermogenes.</strong></span> 
     </span>
     <span class='ocr_line' id='line_1_35' title="bbox 354 3641 1182 3722; baseline 0.002 -21"><span class='ocrx_word' id='word_1_198' title='bbox 354 3644 423 3702; x_wconf 87' lang='lat' dir='ltr'><strong>Hoc</strong></span> <span class='ocrx_word' id='word_1_199' title='bbox 440 3662 560 3722; x_wconf 89' lang='lat' dir='ltr'><strong>quoque</strong></span> <span class='ocrx_word' id='word_1_200' title='bbox 579 3645 604 3702; x_wconf 88' lang='lat' dir='ltr'><strong>si</strong></span> <span class='ocrx_word' id='word_1_201' title='bbox 618 3643 736 3722; x_wconf 90' lang='lat' dir='ltr'><strong>deerit,</strong></span> <span class='ocrx_word' id='word_1_202' title='bbox 758 3644 876 3704; x_wconf 76' lang='lat' dir='ltr'><strong>medior</strong></span> <span class='ocrx_word' id='word_1_203' title='bbox 893 3644 1066 3722; x_wconf 87' lang='lat' dir='ltr'><strong>discingere</strong></span> <span class='ocrx_word' id='word_1_204' title='bbox 1081 3641 1182 3703; x_wconf 82' lang='lat' dir='ltr'><strong>lectos</strong></span> 
     </span>
    </p>
   </div>
   <div class='ocr_carea' id='block_1_9' title="bbox 354 3727 1175 3875">
    <p class='ocr_par' dir='ltr' id='par_1_9' title="bbox 354 3727 1175 3875">
     <span class='ocr_line' id='line_1_36' title="bbox 354 3727 1175 3875; baseline 0 -87"><span class='ocrx_word' id='word_1_205' title='bbox 354 3727 638 3870; x_wconf 74' lang='lat' dir='ltr'><strong>MMeusarumque</strong></span> <span class='ocrx_word' id='word_1_206' title='bbox 652 3727 750 3810; x_wconf 88' lang='lat' dir='ltr'><strong>pedes</strong></span> <span class='ocrx_word' id='word_1_207' title='bbox 765 3739 827 3789; x_wconf 88' lang='lat' dir='ltr'><strong>non</strong></span> <span class='ocrx_word' id='word_1_208' title='bbox 841 3728 930 3791; x_wconf 90' lang='lat' dir='ltr'><strong>timet</strong></span> <span class='ocrx_word' id='word_1_209' title='bbox 946 3729 1175 3875; x_wconf 60' lang='lat' dir='ltr'><strong>Ilermogppes.</strong></span> 
     </span>
     <span class='ocr_line' id='line_1_37' title="bbox 394 3829 462 3873; baseline 0.029 -2"><span class='ocrx_word' id='word_1_210' title='bbox 394 3829 462 3873; x_wconf 80' lang='lat' dir='ltr'><strong>aar.</strong></span> 
     </span>
    </p>
   </div>
   <div class='ocr_carea' id='block_1_10' title="bbox 0 0 1638 4409">
    <p class='ocr_par' dir='ltr' id='par_1_10' title="bbox 0 0 1638 4409">
     <span class='ocr_line' id='line_1_38' title="bbox 0 0 1638 4409; baseline 0 0"><span class='ocrx_word' id='word_1_211' title='bbox 0 0 1638 4409; x_wconf 95' lang='lat' dir='ltr'><strong> </strong></span> 
     </span>
    </p>
   </div>
  </div>
 </body>
</html>
