3267 4409
683 481 719 528 D.
742 478 813 529 mrt.
834 478 1019 527 IUVENALIS

643 833 685 926 ll.
711 829 820 926 llllll
844 826 1067 924 llllhlhlll

765 1013 944 1091 adunans

530 1148 1177 1263 SdTle'RUll

719 1345 822 1411 LIBER
838 1345 993 1413 TERTIUS.

759 1532 943 1546 ῃ

677 1651 913 1718 SATIRA
952 1650 1030 1717 VII.

362 1748 406 1844 Et
428 1799 497 1861 spes
517 1789 547 1842 et
568 1782 642 1842 ratio
663 1782 820 1843 studiomm
842 1783 872 1843 in
892 1780 1021 1843 Caesare
1038 1790 1161 1845 tantum:

362 1868 449 1930 Solus
470 1867 543 1927 enim
565 1868 664 1945 tristes
685 1867 739 1927 hac
761 1876 936 1946 tempestate
959 1865 1102 1927 Camenas

361 1953 518 2029 Respexit,
542 1969 626 2029 quum
646 1953 700 2011 iam
723 1951 861 2012 celebres
882 1953 999 2030 notique
1021 1947 1130 2029 poetae

361 2035 530 2099 Balneolum
551 2035 666 2112 Gabiis,
686 2035 797 2096 llomae
818 2037 983 2097 conducere
1004 2035 1107 2096 furnos

362 2121 564 2198 Temptareut,
585 2138 641 2180 nec
662 2120 779 2182 foedum
798 2120 847 2181 alii
869 2138 924 2181 nec
946 2129 1031 2198 turpe
1053 2127 1191 2198 potarent
1335 2136 1350 2189 s

360 2205 526 2267 Praecones
546 2204 624 2274 lieri:
648 2222 733 2283 quum
753 2205 880 2266 desertis
900 2204 1070 2283 Aganippes

359 2287 491 2351 Vallihus
512 2290 643 2349 esuriens
663 2290 801 2367 migraret
823 2291 852 2350 iu
870 2291 942 2349 utria
963 2286 1038 2349 clio.

360 2373 431 2433 Nam
453 2373 477 2430 si
500 2372 592 2433 Pieria
616 2374 758 2452 quadrans
777 2373 829 2433 tibi
851 2374 947 2433 nullus
969 2370 1119 2434 inumbra

360 2456 551 2533 Ostendatur,
574 2474 653 2517 ames
674 2475 779 2517 nonren
799 2460 965 2537 victumque
985 2455 1162 2519 Machaerae

359 2540 397 2601 lit
418 2540 528 2601 vendas
547 2542 659 2619 potius,
684 2543 835 2604 commissa
857 2543 934 2622 qnod
959 2543 1055 2602 auctio
1076 2542 1179 2603 vendit
1319 2559 1350 2613 ιο

360 2624 524 2699 stantibus,
547 2625 764 2705 oenophorum,
785 2626 935 2706 tripodes,
958 2626 1096 2704 armaria,
1118 2626 1224 2707 cistas,

358 2709 517 2771 Alcithoen
536 2708 641 2786 Pacci,
664 2709 781 2770 Thebas
805 2721 835 2771 et
856 2710 952 2772 Terea
973 2710 1081 2771 Fausti.

358 2794 422 2855 lloc
445 2794 551 2870 satius,
573 2812 657 2873 qnam
679 2796 704 2854 si
725 2796 805 2856 dicos'
828 2794 880 2855 soh
902 2795 1014 2871 iudico,
1036 2794 1107 2873 vidi,

360 2879 445 2954 Quod
466 2896 523 2938 non
542 2879 653 2948 vidisti;
675 2878 782 2941 iaciant
804 2881 920 2959 equites
940 2878 1054 2954 Bithyni

359 2962 536 3043 Quamquam
558 2971 587 3023 ct
609 2961 803 3043 Cappadoces
823 2966 930 3024 iaciant
952 2964 1125 3044 equitesque
1146 2963 1266 3045 Asiani,
1320 2978 1349 3033 lt

357 3045 460 3108 Altera
483 3064 556 3126 quos
578 3047 654 3107 nudo
676 3049 800 3109 traducit
819 3047 912 3110 Gallia
931 3048 1001 3108 talo.

357 3128 450 3191 Nemo
472 3141 567 3192 tamen
588 3132 690 3192 studiis
711 3132 856 3210 indignum
879 3133 958 3193 ferre
981 3132 1113 3193 lahorem

358 3213 488 3293 cogetur
509 3215 648 3295 posthac,
671 3217 759 3276 nectit
781 3218 953 3295 quicumque
976 3216 1092 3277 canoris

356 3296 510 3378 Eloquium
532 3300 637 3360 vocale
660 3300 753 3362 modis
770 3300 939 3380 laurumque
959 3301 1122 3361 momordit.

356 3382 419 3443 Hoc
439 3386 532 3461 agite,
556 3401 573 3444 o
594 3384 728 3445 iuvenes!
752 3385 949 3462 circumspicit
971 3395 1000 3446 et
1022 3386 1150 3447 stimulat
1173 3402 1233 3449 vos
1316 3398 1375 3453 w.

356 3460 564 3546 llatcriamque
583 3468 637 3528 sihi
657 3468 739 3529 ducis
763 3469 940 3547 indulgentia
963 3471 1086 3550 quaerit.

356 3550 387 3609 Si
410 3569 465 3628 qna
487 3552 602 3612 aliunde
624 3562 709 3631 putas
730 3572 826 3613 rerum
849 3553 1046 3632 exspectanda
1068 3563 1182 3623 tuarum

354 3632 503 3696 Praesidio
525 3645 611 3715 atque
633 3637 699 3697 ideo
723 3656 848 3698 croceae
865 3637 1029 3698 membrana
1050 3638 1182 3701 tabellae

352 3715 508 3798 Impletur,
531 3718 674 3798 lignorum
695 3721 802 3800 aliquid
824 3738 916 3801 posco
937 3724 1019 3783 ocius
1042 3730 1072 3783 et
1093 3741 1171 3802 quae
