<?xml version="1.0" encoding="UTF-8"?>
<!DOCTYPE html PUBLIC "-//W3C//DTD XHTML 1.0 Transitional//EN"
    "http://www.w3.org/TR/xhtml1/DTD/xhtml1-transitional.dtd">
<html xmlns="http://www.w3.org/1999/xhtml" xml:lang="en" lang="en">
 <head>
  <title>
</title>
<meta http-equiv="Content-Type" content="text/html;charset=utf-8" />
  <meta name='ocr-system' content='tesseract 3.04.00' />
  <meta name='ocr-capabilities' content='ocr_page ocr_carea ocr_par ocr_line ocrx_word'/>
</head>
<body>
  <div class='ocr_page' id='page_1' title='image "./mvalmartialisep00martgoog_0071.png"; bbox 0 0 3267 4409; ppageno 0'>
   <div class='ocr_carea' id='block_1_1' title="bbox 405 453 1254 553">
    <p class='ocr_par' dir='ltr' id='par_1_1' title="bbox 405 453 1254 553">
     <span class='ocr_line' id='line_1_1' title="bbox 405 453 1254 553; baseline 0.002 -37"><span class='ocrx_word' id='word_1_1' title='bbox 405 522 413 553; x_wconf 63' lang='lat' dir='ltr'>r</span> <span class='ocrx_word' id='word_1_2' title='bbox 499 453 840 517; x_wconf 77' lang='lat' dir='ltr'>EPIGRAMMA&#39;I&#39;ON</span> <span class='ocrx_word' id='word_1_3' title='bbox 852 455 927 516; x_wconf 91' lang='lat' dir='ltr'>LIB.</span> <span class='ocrx_word' id='word_1_4' title='bbox 943 457 965 518; x_wconf 92' lang='grc' dir='ltr'>Ι.</span> <span class='ocrx_word' id='word_1_5' title='bbox 1078 480 1083 495; x_wconf 71' lang='grc'>’</span> <span class='ocrx_word' id='word_1_6' title='bbox 1213 455 1254 518; x_wconf 86' lang='grc'>37</span> 
     </span>
    </p>
   </div>
   <div class='ocr_carea' id='block_1_2' title="bbox 273 603 1072 1109">
    <p class='ocr_par' dir='ltr' id='par_1_2' title="bbox 273 603 1072 1109">
     <span class='ocr_line' id='line_1_2' title="bbox 301 603 968 684; baseline -0.009 -12"><span class='ocrx_word' id='word_1_7' title='bbox 301 612 374 673; x_wconf 72' lang='lat' dir='ltr'>otta</span> <span class='ocrx_word' id='word_1_8' title='bbox 388 608 428 669; x_wconf 80' lang='lat' dir='ltr'>dc</span> <span class='ocrx_word' id='word_1_9' title='bbox 442 609 551 684; x_wconf 89' lang='lat' dir='ltr'>nobis,</span> <span class='ocrx_word' id='word_1_10' title='bbox 575 607 631 667; x_wconf 76' lang='lat' dir='ltr'>sed</span> <span class='ocrx_word' id='word_1_11' title='bbox 646 603 747 684; x_wconf 86' lang='lat' dir='ltr'>qualia</span> <span class='ocrx_word' id='word_1_12' title='bbox 760 604 968 666; x_wconf 86' lang='lat' dir='ltr'>feceratolim</span> 
     </span>
     <span class='ocr_line' id='line_1_3' title="bbox 334 689 937 768; baseline -0.012 -12"><span class='ocrx_word' id='word_1_13' title='bbox 334 695 506 756; x_wconf 78' lang='lat' dir='ltr'>Maecenas</span> <span class='ocrx_word' id='word_1_14' title='bbox 520 691 633 751; x_wconf 84' lang='lat' dir='ltr'>Flacco</span> <span class='ocrx_word' id='word_1_15' title='bbox 649 689 851 768; x_wconf 76' lang='lat' dir='ltr'>Vergilioque</span> <span class='ocrx_word' id='word_1_16' title='bbox 866 710 937 749; x_wconf 87' lang='lat' dir='ltr'>suo:</span> 
     </span>
     <span class='ocr_line' id='line_1_4' title="bbox 273 770 1066 852; baseline -0.01 -10"><span class='ocrx_word' id='word_1_17' title='bbox 273 776 445 842; x_wconf 73' lang='lat' dir='ltr'>accudere</span> <span class='ocrx_word' id='word_1_18' title='bbox 458 777 758 852; x_wconf 85' lang='lat' dir='ltr'>victurastemptem</span> <span class='ocrx_word' id='word_1_19' title='bbox 771 792 829 852; x_wconf 93' lang='lat' dir='ltr'>per</span> <span class='ocrx_word' id='word_1_20' title='bbox 844 770 965 833; x_wconf 86' lang='lat' dir='ltr'>saecula</span> <span class='ocrx_word' id='word_1_21' title='bbox 978 792 1066 834; x_wconf 79' lang='lat' dir='ltr'>curus</span> 
     </span>
     <span class='ocr_line' id='line_1_5' title="bbox 337 858 949 936; baseline -0.01 -12"><span class='ocrx_word' id='word_1_22' title='bbox 337 863 384 924; x_wconf 84' lang='lat' dir='ltr'>Et</span> <span class='ocrx_word' id='word_1_23' title='bbox 396 879 511 921; x_wconf 90' lang='lat' dir='ltr'>nomen</span> <span class='ocrx_word' id='word_1_24' title='bbox 526 859 655 922; x_wconf 82' lang='lat' dir='ltr'>flammis</span> <span class='ocrx_word' id='word_1_25' title='bbox 672 858 825 936; x_wconf 76' lang='lat' dir='ltr'><strong>eripuisse</strong></span> <span class='ocrx_word' id='word_1_26' title='bbox 840 876 949 918; x_wconf 90' lang='lat' dir='ltr'>meum.</span> 
     </span>
     <span class='ocr_line' id='line_1_6' title="bbox 292 941 1072 1020; baseline -0.01 -11"><span class='ocrx_word' id='word_1_27' title='bbox 292 947 328 1008; x_wconf 93' lang='lat' dir='ltr'>In</span> <span class='ocrx_word' id='word_1_28' title='bbox 342 944 471 1007; x_wconf 88' lang='lat' dir='ltr'>steriles</span> <span class='ocrx_word' id='word_1_29' title='bbox 485 941 597 1003; x_wconf 89' lang='lat' dir='ltr'>nolunt</span> <span class='ocrx_word' id='word_1_30' title='bbox 612 959 734 1020; x_wconf 87' lang='lat' dir='ltr'>campos</span> <span class='ocrx_word' id='word_1_31' title='bbox 748 942 819 1017; x_wconf 81' lang='lat' dir='ltr'>iuga</span> <span class='ocrx_word' id='word_1_32' title='bbox 833 942 920 1001; x_wconf 90' lang='lat' dir='ltr'>ferre</span> <span class='ocrx_word' id='word_1_33' title='bbox 934 942 1072 1002; x_wconf 87' lang='lat' dir='ltr'>iuvenci:</span> 
     </span>
     <span class='ocr_line' id='line_1_7' title="bbox 335 1018 1070 1109; baseline -0.001 -19"><span class='ocrx_word' id='word_1_34' title='bbox 335 1031 459 1109; x_wconf 80' lang='lat' dir='ltr'>Pingue</span> <span class='ocrx_word' id='word_1_35' title='bbox 475 1026 574 1088; x_wconf 85' lang='lat' dir='ltr'>solum</span> <span class='ocrx_word' id='word_1_36' title='bbox 588 1018 698 1102; x_wconf 86' lang='lat' dir='ltr'>lassat,</span> <span class='ocrx_word' id='word_1_37' title='bbox 714 1024 770 1084; x_wconf 88' lang='lat' dir='ltr'>sed</span> <span class='ocrx_word' id='word_1_38' title='bbox 784 1026 869 1085; x_wconf 87' lang='lat' dir='ltr'>iuvat</span> <span class='ocrx_word' id='word_1_39' title='bbox 885 1027 953 1105; x_wconf 80' lang='lat' dir='ltr'>Ipse</span> <span class='ocrx_word' id='word_1_40' title='bbox 968 1022 1070 1089; x_wconf 86' lang='lat' dir='ltr'>labor.</span> 
     </span>
    </p>
   </div>
   <div class='ocr_carea' id='block_1_3' title="bbox 679 1157 786 1220">
    <p class='ocr_par' dir='ltr' id='par_1_3' title="bbox 679 1157 786 1220">
     <span class='ocr_line' id='line_1_8' title="bbox 679 1157 786 1220; baseline 0 -2"><span class='ocrx_word' id='word_1_41' title='bbox 679 1157 786 1220; x_wconf 80' lang='lat' dir='ltr'>CVIII.</span> 
     </span>
    </p>
   </div>
   <div class='ocr_carea' id='block_1_4' title="bbox 262 1270 1201 2106">
    <p class='ocr_par' dir='ltr' id='par_1_4' title="bbox 262 1270 1201 2106">
     <span class='ocr_line' id='line_1_9' title="bbox 295 1270 1181 1352; baseline -0.005 -17"><span class='ocrx_word' id='word_1_42' title='bbox 295 1277 354 1336; x_wconf 85' lang='lat' dir='ltr'>Est</span> <span class='ocrx_word' id='word_1_43' title='bbox 369 1274 428 1333; x_wconf 91' lang='lat' dir='ltr'>tibi</span> <span class='ocrx_word' id='word_1_44' title='bbox 442 1275 547 1352; x_wconf 85' lang='lat' dir='ltr'>sltque</span> <span class='ocrx_word' id='word_1_45' title='bbox 563 1288 677 1350; x_wconf 84' lang='lat' dir='ltr'><strong>precor</strong></span> <span class='ocrx_word' id='word_1_46' title='bbox 690 1270 802 1330; x_wconf 87' lang='lat' dir='ltr'>multos</span> <span class='ocrx_word' id='word_1_47' title='bbox 819 1274 1001 1347; x_wconf 82' lang='lat' dir='ltr'>crescatque</span> <span class='ocrx_word' id='word_1_48' title='bbox 1015 1289 1072 1349; x_wconf 90' lang='lat' dir='ltr'>per</span> <span class='ocrx_word' id='word_1_49' title='bbox 1087 1291 1181 1332; x_wconf 80' lang='lat' dir='ltr'>anuos</span> 
     </span>
     <span class='ocr_line' id='line_1_10' title="bbox 337 1354 1139 1435; baseline -0.001 -17"><span class='ocrx_word' id='word_1_50' title='bbox 337 1356 477 1418; x_wconf 85' lang='lat' dir='ltr'>Pulchra</span> <span class='ocrx_word' id='word_1_51' title='bbox 491 1354 636 1435; x_wconf 91' lang='lat' dir='ltr'>quidem,</span> <span class='ocrx_word' id='word_1_52' title='bbox 658 1372 764 1413; x_wconf 83' lang='lat' dir='ltr'>verum</span> <span class='ocrx_word' id='word_1_53' title='bbox 779 1354 1001 1413; x_wconf 87' lang='lat' dir='ltr'>transtiberina</span> <span class='ocrx_word' id='word_1_54' title='bbox 1016 1354 1139 1416; x_wconf 88' lang='lat' dir='ltr'>domus:</span> 
     </span>
     <span class='ocr_line' id='line_1_11' title="bbox 295 1434 1043 1520; baseline -0.007 -17"><span class='ocrx_word' id='word_1_55' title='bbox 295 1444 339 1503; x_wconf 81' lang='lat' dir='ltr'>At</span> <span class='ocrx_word' id='word_1_56' title='bbox 352 1460 423 1501; x_wconf 87' lang='lat' dir='ltr'>mea</span> <span class='ocrx_word' id='word_1_57' title='bbox 439 1440 591 1520; x_wconf 80' lang='lat' dir='ltr'>Vipsanas</span> <span class='ocrx_word' id='word_1_58' title='bbox 607 1442 748 1517; x_wconf 85' lang='lat' dir='ltr'>spectant</span> <span class='ocrx_word' id='word_1_59' title='bbox 764 1435 908 1497; x_wconf 88' lang='lat' dir='ltr'>cenacula</span> <span class='ocrx_word' id='word_1_60' title='bbox 922 1434 1043 1518; x_wconf 87' lang='lat' dir='ltr'>laurus,</span> 
     </span>
     <span class='ocr_line' id='line_1_12' title="bbox 335 1521 1063 1600; baseline -0.001 -14"><span class='ocrx_word' id='word_1_61' title='bbox 335 1527 453 1586; x_wconf 78' lang='lat' dir='ltr'>Factus</span> <span class='ocrx_word' id='word_1_62' title='bbox 468 1525 501 1583; x_wconf 91' lang='lat' dir='ltr'>in</span> <span class='ocrx_word' id='word_1_63' title='bbox 515 1524 573 1582; x_wconf 83' lang='lat' dir='ltr'>hac</span> <span class='ocrx_word' id='word_1_64' title='bbox 588 1540 645 1600; x_wconf 82' lang='lat' dir='ltr'>ego</span> <span class='ocrx_word' id='word_1_65' title='bbox 662 1522 801 1581; x_wconf 83' lang='lat' dir='ltr'>samiam</span> <span class='ocrx_word' id='word_1_66' title='bbox 816 1521 945 1597; x_wconf 86' lang='lat' dir='ltr'>regione</span> <span class='ocrx_word' id='word_1_67' title='bbox 960 1539 1063 1585; x_wconf 82' lang='lat' dir='ltr'>senex.</span> 
     </span>
     <span class='ocr_line' id='line_1_13' title="bbox 275 1604 1192 1688; baseline -0.003 -16"><span class='ocrx_word' id='word_1_68' title='bbox 275 1606 497 1688; x_wconf 75' lang='lat' dir='ltr'>alligrandum</span> <span class='ocrx_word' id='word_1_69' title='bbox 514 1611 580 1684; x_wconf 86' lang='lat' dir='ltr'>est,</span> <span class='ocrx_word' id='word_1_70' title='bbox 602 1611 636 1664; x_wconf 89' lang='lat' dir='ltr'>ut</span> <span class='ocrx_word' id='word_1_71' title='bbox 649 1623 738 1665; x_wconf 88' lang='lat' dir='ltr'>mane</span> <span class='ocrx_word' id='word_1_72' title='bbox 753 1604 835 1664; x_wconf 89' lang='lat' dir='ltr'>domi</span> <span class='ocrx_word' id='word_1_73' title='bbox 850 1611 898 1681; x_wconf 88' lang='lat' dir='ltr'>te,</span> <span class='ocrx_word' id='word_1_74' title='bbox 919 1604 1025 1686; x_wconf 82' lang='lat' dir='ltr'>Galle,</span> <span class='ocrx_word' id='word_1_75' title='bbox 1046 1605 1192 1669; x_wconf 83' lang='lat' dir='ltr'>salntem:</span> 
     </span>
     <span class='ocr_line' id='line_1_14' title="bbox 336 1687 923 1769; baseline -0.009 -15"><span class='ocrx_word' id='word_1_76' title='bbox 336 1694 382 1755; x_wconf 85' lang='lat' dir='ltr'>Es</span> <span class='ocrx_word' id='word_1_77' title='bbox 394 1693 492 1769; x_wconf 74' lang='lat' dir='ltr'>tanti,</span> <span class='ocrx_word' id='word_1_78' title='bbox 513 1688 564 1750; x_wconf 87' lang='lat' dir='ltr'>vel</span> <span class='ocrx_word' id='word_1_79' title='bbox 580 1690 606 1749; x_wconf 91' lang='lat' dir='ltr'>si</span> <span class='ocrx_word' id='word_1_80' title='bbox 626 1688 747 1766; x_wconf 81' lang='lat' dir='ltr'>longius</span> <span class='ocrx_word' id='word_1_81' title='bbox 761 1687 816 1748; x_wconf 88' lang='lat' dir='ltr'>illa</span> <span class='ocrx_word' id='word_1_82' title='bbox 830 1688 923 1750; x_wconf 86' lang='lat' dir='ltr'>foret.</span> 
     </span>
     <span class='ocr_line' id='line_1_15' title="bbox 298 1771 1201 1853; baseline -0.004 -15"><span class='ocrx_word' id='word_1_83' title='bbox 298 1776 363 1838; x_wconf 88' lang='lat' dir='ltr'>Sed</span> <span class='ocrx_word' id='word_1_84' title='bbox 376 1777 435 1837; x_wconf 90' lang='lat' dir='ltr'>tibi</span> <span class='ocrx_word' id='word_1_85' title='bbox 450 1794 514 1834; x_wconf 91' lang='lat' dir='ltr'>non</span> <span class='ocrx_word' id='word_1_86' title='bbox 530 1771 657 1834; x_wconf 91' lang='lat' dir='ltr'>multum</span> <span class='ocrx_word' id='word_1_87' title='bbox 672 1779 737 1849; x_wconf 89' lang='lat' dir='ltr'>est,</span> <span class='ocrx_word' id='word_1_88' title='bbox 759 1792 852 1832; x_wconf 91' lang='lat' dir='ltr'>unum</span> <span class='ocrx_word' id='word_1_89' title='bbox 867 1773 893 1832; x_wconf 88' lang='lat' dir='ltr'>si</span> <span class='ocrx_word' id='word_1_90' title='bbox 909 1780 1034 1852; x_wconf 89' lang='lat' dir='ltr'>praesto</span> <span class='ocrx_word' id='word_1_91' title='bbox 1048 1780 1201 1853; x_wconf 83' lang='lat' dir='ltr'>togatum:</span> 
     </span>
     <span class='ocr_line' id='line_1_16' title="bbox 339 1856 1154 1938; baseline -0.005 -16"><span class='ocrx_word' id='word_1_92' title='bbox 339 1859 476 1922; x_wconf 89' lang='lat' dir='ltr'>Multum</span> <span class='ocrx_word' id='word_1_93' title='bbox 491 1865 556 1934; x_wconf 87' lang='lat' dir='ltr'>est,</span> <span class='ocrx_word' id='word_1_94' title='bbox 578 1859 659 1917; x_wconf 90' lang='lat' dir='ltr'>hunc</span> <span class='ocrx_word' id='word_1_95' title='bbox 672 1876 765 1917; x_wconf 88' lang='lat' dir='ltr'>unum</span> <span class='ocrx_word' id='word_1_96' title='bbox 780 1859 806 1916; x_wconf 88' lang='lat' dir='ltr'>si</span> <span class='ocrx_word' id='word_1_97' title='bbox 822 1857 913 1933; x_wconf 82' lang='lat' dir='ltr'>milri,</span> <span class='ocrx_word' id='word_1_98' title='bbox 935 1856 1043 1934; x_wconf 84' lang='lat' dir='ltr'>Galle,</span> <span class='ocrx_word' id='word_1_99' title='bbox 1064 1877 1154 1938; x_wconf 83' lang='lat' dir='ltr'>nego.</span> 
     </span>
     <span class='ocr_line' id='line_1_17' title="bbox 301 1940 955 2026; baseline -0.009 -21"><span class='ocrx_word' id='word_1_100' title='bbox 301 1945 371 2026; x_wconf 88' lang='lat' dir='ltr'>Ipse</span> <span class='ocrx_word' id='word_1_101' title='bbox 385 1943 526 2004; x_wconf 84' lang='lat' dir='ltr'>salutabo</span> <span class='ocrx_word' id='word_1_102' title='bbox 542 1941 660 2000; x_wconf 82' lang='lat' dir='ltr'>decima</span> <span class='ocrx_word' id='word_1_103' title='bbox 673 1948 706 2000; x_wconf 85' lang='lat' dir='ltr'>te</span> <span class='ocrx_word' id='word_1_104' title='bbox 724 1943 845 2021; x_wconf 85' lang='lat' dir='ltr'>saepius</span> <span class='ocrx_word' id='word_1_105' title='bbox 860 1940 955 1999; x_wconf 76' lang='lat' dir='ltr'>horaz.</span> 
     </span>
     <span class='ocr_line' id='line_1_18' title="bbox 262 2020 963 2106; baseline -0.011 -16"><span class='ocrx_word' id='word_1_106' title='bbox 262 2038 293 2090; x_wconf 86' lang='lat' dir='ltr'>lo</span> <span class='ocrx_word' id='word_1_107' title='bbox 337 2028 432 2089; x_wconf 87' lang='lat' dir='ltr'>Mane</span> <span class='ocrx_word' id='word_1_108' title='bbox 447 2027 506 2089; x_wconf 90' lang='lat' dir='ltr'>tibi</span> <span class='ocrx_word' id='word_1_109' title='bbox 519 2045 576 2106; x_wconf 89' lang='lat' dir='ltr'>pro</span> <span class='ocrx_word' id='word_1_110' title='bbox 591 2042 640 2084; x_wconf 92' lang='lat' dir='ltr'>me</span> <span class='ocrx_word' id='word_1_111' title='bbox 654 2024 738 2085; x_wconf 89' lang='lat' dir='ltr'>dicet</span> <span class='ocrx_word' id='word_1_112' title='bbox 754 2043 858 2085; x_wconf 70' lang='lat' dir='ltr'>sauro</span> <span class='ocrx_word' id='word_1_113' title='bbox 873 2020 963 2082; x_wconf 88' lang='lat' dir='ltr'>liber.</span> 
     </span>
    </p>
   </div>
   <div class='ocr_carea' id='block_1_5' title="bbox 697 2158 773 2218">
    <p class='ocr_par' dir='ltr' id='par_1_5' title="bbox 697 2158 773 2218">
     <span class='ocr_line' id='line_1_19' title="bbox 697 2158 773 2218; baseline -0.013 0"><span class='ocrx_word' id='word_1_114' title='bbox 697 2158 773 2218; x_wconf 85' lang='lat' dir='ltr'>CIX.</span> 
     </span>
    </p>
   </div>
   <div class='ocr_carea' id='block_1_6' title="bbox 245 2268 929 3781">
    <p class='ocr_par' dir='ltr' id='par_1_6' title="bbox 245 2268 929 3781">
     <span class='ocr_line' id='line_1_20' title="bbox 298 2268 855 2352; baseline -0.013 -17"><span class='ocrx_word' id='word_1_115' title='bbox 298 2276 361 2335; x_wconf 80' lang='lat' dir='ltr'>Issa</span> <span class='ocrx_word' id='word_1_116' title='bbox 374 2282 424 2334; x_wconf 88' lang='lat' dir='ltr'>est</span> <span class='ocrx_word' id='word_1_117' title='bbox 437 2290 564 2352; x_wconf 85' lang='lat' dir='ltr'>passere</span> <span class='ocrx_word' id='word_1_118' title='bbox 577 2272 708 2351; x_wconf 90' lang='lat' dir='ltr'>nequior</span> <span class='ocrx_word' id='word_1_119' title='bbox 724 2268 855 2348; x_wconf 81' lang='lat' dir='ltr'>Catulli,</span> 
     </span>
     <span class='ocr_line' id='line_1_21' title="bbox 299 2354 860 2437; baseline -0.011 -18"><span class='ocrx_word' id='word_1_120' title='bbox 299 2358 361 2419; x_wconf 90' lang='lat' dir='ltr'>Issa</span> <span class='ocrx_word' id='word_1_121' title='bbox 374 2365 424 2418; x_wconf 86' lang='lat' dir='ltr'>est</span> <span class='ocrx_word' id='word_1_122' title='bbox 436 2357 545 2437; x_wconf 89' lang='lat' dir='ltr'>purior</span> <span class='ocrx_word' id='word_1_123' title='bbox 564 2354 669 2416; x_wconf 88' lang='lat' dir='ltr'>osculo</span> <span class='ocrx_word' id='word_1_124' title='bbox 685 2355 860 2432; x_wconf 85' lang='lat' dir='ltr'>columbae,</span> 
     </span>
     <span class='ocr_line' id='line_1_22' title="bbox 301 2437 889 2518; baseline -0.007 -15"><span class='ocrx_word' id='word_1_125' title='bbox 301 2443 362 2503; x_wconf 80' lang='lat' dir='ltr'>lssa</span> <span class='ocrx_word' id='word_1_126' title='bbox 378 2447 429 2502; x_wconf 90' lang='lat' dir='ltr'>est</span> <span class='ocrx_word' id='word_1_127' title='bbox 443 2438 741 2500; x_wconf 86' lang='lat' dir='ltr'>blandior&#39;omnibus</span> <span class='ocrx_word' id='word_1_128' title='bbox 757 2437 889 2518; x_wconf 86' lang='lat' dir='ltr'>puellis,</span> 
     </span>
     <span class='ocr_line' id='line_1_23' title="bbox 299 2521 813 2602; baseline -0.01 -16"><span class='ocrx_word' id='word_1_129' title='bbox 299 2527 362 2586; x_wconf 74' lang='lat' dir='ltr'>Isso</span> <span class='ocrx_word' id='word_1_130' title='bbox 377 2532 427 2586; x_wconf 87' lang='lat' dir='ltr'>est</span> <span class='ocrx_word' id='word_1_131' title='bbox 441 2526 543 2584; x_wconf 87' lang='lat' dir='ltr'>carior</span> <span class='ocrx_word' id='word_1_132' title='bbox 555 2523 668 2584; x_wconf 80' lang='lat' dir='ltr'>Iudicis</span> <span class='ocrx_word' id='word_1_133' title='bbox 682 2521 813 2602; x_wconf 85' lang='lat' dir='ltr'>lapillis,</span> 
     </span>
     <span class='ocr_line' id='line_1_24' title="bbox 282 2606 812 2672; baseline -0.009 -1"><span class='ocrx_word' id='word_1_134' title='bbox 282 2611 364 2672; x_wconf 73' lang='lat' dir='ltr'>tlssa</span> <span class='ocrx_word' id='word_1_135' title='bbox 379 2617 429 2670; x_wconf 87' lang='lat' dir='ltr'>est</span> <span class='ocrx_word' id='word_1_136' title='bbox 445 2607 575 2668; x_wconf 86' lang='lat' dir='ltr'>deliciae</span> <span class='ocrx_word' id='word_1_137' title='bbox 589 2606 699 2668; x_wconf 86' lang='lat' dir='ltr'>catella</span> <span class='ocrx_word' id='word_1_138' title='bbox 713 2606 812 2667; x_wconf 91' lang='lat' dir='ltr'>Publi.</span> 
     </span>
     <span class='ocr_line' id='line_1_25' title="bbox 300 2690 929 2772; baseline -0.006 -18"><span class='ocrx_word' id='word_1_139' title='bbox 300 2694 387 2754; x_wconf 85' lang='lat' dir='ltr'>Hanc</span> <span class='ocrx_word' id='word_1_140' title='bbox 400 2699 452 2772; x_wconf 88' lang='lat' dir='ltr'>tu,</span> <span class='ocrx_word' id='word_1_141' title='bbox 471 2694 497 2752; x_wconf 89' lang='lat' dir='ltr'>si</span> <span class='ocrx_word' id='word_1_142' title='bbox 511 2693 667 2771; x_wconf 86' lang='lat' dir='ltr'>queritur,</span> <span class='ocrx_word' id='word_1_143' title='bbox 687 2690 776 2770; x_wconf 89' lang='lat' dir='ltr'>loqui</span> <span class='ocrx_word' id='word_1_144' title='bbox 790 2691 929 2771; x_wconf 88' lang='lat' dir='ltr'>putabis;</span> 
     </span>
     <span class='ocr_line' id='line_1_26' title="bbox 301 2775 867 2856; baseline -0.005 -18"><span class='ocrx_word' id='word_1_145' title='bbox 301 2777 404 2838; x_wconf 78' lang='lat' dir='ltr'>Sentit</span> <span class='ocrx_word' id='word_1_146' title='bbox 419 2775 639 2856; x_wconf 78' lang='lat' dir='ltr'>tristitiamque</span> <span class='ocrx_word' id='word_1_147' title='bbox 654 2775 867 2854; x_wconf 84' lang='lat' dir='ltr'>gaudiumque.</span> 
     </span>
     <span class='ocr_line' id='line_1_27' title="bbox 302 2860 898 2940; baseline -0.003 -19"><span class='ocrx_word' id='word_1_148' title='bbox 302 2860 392 2921; x_wconf 81' lang='lat' dir='ltr'>Collo</span> <span class='ocrx_word' id='word_1_149' title='bbox 408 2862 479 2920; x_wconf 82' lang='lat' dir='ltr'>nixa</span> <span class='ocrx_word' id='word_1_150' title='bbox 495 2862 585 2921; x_wconf 83' lang='lat' dir='ltr'>cubat</span> <span class='ocrx_word' id='word_1_151' title='bbox 599 2863 742 2940; x_wconf 89' lang='lat' dir='ltr'>capitque</span> <span class='ocrx_word' id='word_1_152' title='bbox 757 2877 898 2935; x_wconf 88' lang='lat' dir='ltr'>somnos,</span> 
     </span>
     <span class='ocr_line' id='line_1_28' title="bbox 299 2942 794 3025; baseline -0.008 -19"><span class='ocrx_word' id='word_1_153' title='bbox 299 2945 342 3006; x_wconf 89' lang='lat' dir='ltr'>Ut</span> <span class='ocrx_word' id='word_1_154' title='bbox 355 2945 490 3025; x_wconf 80' lang='lat' dir='ltr'>suspiria</span> <span class='ocrx_word' id='word_1_155' title='bbox 502 2942 589 3004; x_wconf 83' lang='lat' dir='ltr'>nulla</span> <span class='ocrx_word' id='word_1_156' title='bbox 604 2946 794 3020; x_wconf 86' lang='lat' dir='ltr'>sentiantur;</span> 
     </span>
     <span class='ocr_line' id='line_1_29' title="bbox 267 3027 761 3091; baseline -0.008 -1"><span class='ocrx_word' id='word_1_157' title='bbox 267 3028 339 3091; x_wconf 76' lang='lat' dir='ltr'>ont</span> <span class='ocrx_word' id='word_1_158' title='bbox 353 3027 513 3089; x_wconf 91' lang='lat' dir='ltr'>desiderio</span> <span class='ocrx_word' id='word_1_159' title='bbox 528 3034 633 3088; x_wconf 88' lang='lat' dir='ltr'>coacta</span> <span class='ocrx_word' id='word_1_160' title='bbox 643 3030 761 3089; x_wconf 85' lang='lat' dir='ltr'>ventris</span> 
     </span>
     <span class='ocr_line' id='line_1_30' title="bbox 302 3109 810 3192; baseline -0.01 -19"><span class='ocrx_word' id='word_1_161' title='bbox 302 3113 397 3173; x_wconf 75' lang='lat' dir='ltr'>(lutto</span> <span class='ocrx_word' id='word_1_162' title='bbox 410 3111 505 3192; x_wconf 85' lang='lat' dir='ltr'>pallia</span> <span class='ocrx_word' id='word_1_163' title='bbox 521 3131 583 3171; x_wconf 92' lang='lat' dir='ltr'>non</span> <span class='ocrx_word' id='word_1_164' title='bbox 597 3111 715 3172; x_wconf 85' lang='lat' dir='ltr'>fefellit</span> <span class='ocrx_word' id='word_1_165' title='bbox 729 3109 810 3187; x_wconf 87' lang='lat' dir='ltr'>ulla,</span> 
     </span>
     <span class='ocr_line' id='line_1_31' title="bbox 302 3194 874 3276; baseline -0.009 -20"><span class='ocrx_word' id='word_1_166' title='bbox 302 3195 364 3258; x_wconf 87' lang='lat' dir='ltr'>Sed</span> <span class='ocrx_word' id='word_1_167' title='bbox 378 3194 492 3256; x_wconf 87' lang='lat' dir='ltr'>blando</span> <span class='ocrx_word' id='word_1_168' title='bbox 506 3195 588 3276; x_wconf 89' lang='lat' dir='ltr'>pede</span> <span class='ocrx_word' id='word_1_169' title='bbox 600 3198 728 3256; x_wconf 84' lang='lat' dir='ltr'>suscitat</span> <span class='ocrx_word' id='word_1_170' title='bbox 743 3202 874 3272; x_wconf 91' lang='lat' dir='ltr'>toroque</span> 
     </span>
     <span class='ocr_line' id='line_1_32' title="bbox 302 3278 809 3363; baseline -0.002 -22"><span class='ocrx_word' id='word_1_171' title='bbox 302 3281 422 3363; x_wconf 84' lang='lat' dir='ltr'>Deponi</span> <span class='ocrx_word' id='word_1_172' title='bbox 435 3284 542 3339; x_wconf 86' lang='lat' dir='ltr'>monet</span> <span class='ocrx_word' id='word_1_173' title='bbox 557 3286 589 3340; x_wconf 87' lang='lat' dir='ltr'>ct</span> <span class='ocrx_word' id='word_1_174' title='bbox 601 3287 690 3359; x_wconf 82' lang='lat' dir='ltr'>rogat</span> <span class='ocrx_word' id='word_1_175' title='bbox 702 3278 809 3340; x_wconf 80' lang='lat' dir='ltr'>levari.</span> 
     </span>
     <span class='ocr_line' id='line_1_33' title="bbox 303 3359 902 3444; baseline -0.008 -18"><span class='ocrx_word' id='word_1_176' title='bbox 303 3365 411 3426; x_wconf 79' lang='lat' dir='ltr'>Castae</span> <span class='ocrx_word' id='word_1_177' title='bbox 425 3370 530 3424; x_wconf 82' lang='lat' dir='ltr'>tantus</span> <span class='ocrx_word' id='word_1_178' title='bbox 544 3365 627 3424; x_wconf 91' lang='lat' dir='ltr'>inest</span> <span class='ocrx_word' id='word_1_179' title='bbox 640 3363 741 3444; x_wconf 89' lang='lat' dir='ltr'>pudor</span> <span class='ocrx_word' id='word_1_180' title='bbox 756 3359 902 3441; x_wconf 85' lang='lat' dir='ltr'>catellae,</span> 
     </span>
     <span class='ocr_line' id='line_1_34' title="bbox 271 3447 879 3527; baseline -0.003 -19"><span class='ocrx_word' id='word_1_181' title='bbox 271 3449 425 3527; x_wconf 76' lang='lat' dir='ltr'>ltlguorat</span> <span class='ocrx_word' id='word_1_182' title='bbox 438 3449 613 3523; x_wconf 80' lang='lat' dir='ltr'>Venerem3</span> <span class='ocrx_word' id='word_1_183' title='bbox 635 3467 693 3508; x_wconf 89' lang='lat' dir='ltr'>nec</span> <span class='ocrx_word' id='word_1_184' title='bbox 708 3447 879 3506; x_wconf 78' lang='lat' dir='ltr'>Invenimus</span> 
     </span>
     <span class='ocr_line' id='line_1_35' title="bbox 303 3529 879 3613; baseline -0.007 -20"><span class='ocrx_word' id='word_1_185' title='bbox 303 3533 432 3613; x_wconf 84' lang='lat' dir='ltr'>Dignum</span> <span class='ocrx_word' id='word_1_186' title='bbox 448 3538 510 3592; x_wconf 85' lang='lat' dir='ltr'>tum</span> <span class='ocrx_word' id='word_1_187' title='bbox 524 3538 635 3592; x_wconf 86' lang='lat' dir='ltr'>tenera</span> <span class='ocrx_word' id='word_1_188' title='bbox 650 3534 748 3592; x_wconf 80' lang='lat' dir='ltr'>virum</span> <span class='ocrx_word' id='word_1_189' title='bbox 763 3529 879 3611; x_wconf 85' lang='lat' dir='ltr'>puella.</span> 
     </span>
     <span class='ocr_line' id='line_1_36' title="bbox 303 3616 901 3697; baseline -0.005 -21"><span class='ocrx_word' id='word_1_190' title='bbox 303 3617 439 3678; x_wconf 77' lang='lat' dir='ltr'>Hancne</span> <span class='ocrx_word' id='word_1_191' title='bbox 452 3616 506 3678; x_wconf 84' lang='lat' dir='ltr'>lux</span> <span class='ocrx_word' id='word_1_192' title='bbox 520 3617 621 3696; x_wconf 80' lang='lat' dir='ltr'>rapiat</span> <span class='ocrx_word' id='word_1_193' title='bbox 633 3633 775 3697; x_wconf 82' lang='lat' dir='ltr'>suprema</span> <span class='ocrx_word' id='word_1_194' title='bbox 788 3622 901 3692; x_wconf 90' lang='lat' dir='ltr'>totam,</span> 
     </span>
     <span class='ocr_line' id='line_1_37' title="bbox 245 3696 840 3781; baseline -0.005 -21"><span class='ocrx_word' id='word_1_195' title='bbox 245 3696 247 3705; x_wconf 85' lang='lat'>&#39;</span> <span class='ocrx_word' id='word_1_196' title='bbox 304 3700 387 3763; x_wconf 88' lang='lat' dir='ltr'>Picta</span> <span class='ocrx_word' id='word_1_197' title='bbox 400 3699 533 3762; x_wconf 85' lang='lat' dir='ltr'>Publius</span> <span class='ocrx_word' id='word_1_198' title='bbox 548 3701 694 3781; x_wconf 85' lang='lat' dir='ltr'>exprimit</span> <span class='ocrx_word' id='word_1_199' title='bbox 708 3697 840 3777; x_wconf 84' lang='lat' dir='ltr'>tabella,</span> 
     </span>
    </p>
   </div>
   <div class='ocr_carea' id='block_1_7' title="bbox 0 0 1638 4409">
    <p class='ocr_par' dir='ltr' id='par_1_7' title="bbox 0 0 1638 4409">
     <span class='ocr_line' id='line_1_38' title="bbox 0 0 1638 4409; baseline 0 0"><span class='ocrx_word' id='word_1_200' title='bbox 0 0 1638 4409; x_wconf 95' lang='lat' dir='ltr'> </span> 
     </span>
    </p>
   </div>
  </div>
 </body>
</html>
