3267 4409
367 471 428 537 102
667 454 669 459 ’
696 480 733 531 n.
754 479 828 530 run.
850 478 1038 531 mansura

367 621 503 702 cogebat
522 619 608 683 vacui
628 621 740 681 ventris
764 620 863 698 iuror,
883 618 1020 681 hostibus
1037 619 1112 700 ipsis
1300 635 1351 689 100

367 708 513 770 Pallorem
537 724 573 766 ac
593 704 715 766 maciem
737 712 767 765 et
788 712 893 765 tenues
916 705 1120 767 miserantibus
1141 712 1233 783 artus,

319 830 321 839 ·
367 791 498 854 Membra
519 790 613 850 aliena
635 789 712 850 lame
734 787 922 865 lacerabant,
949 807 1018 849 esse
1039 790 1132 869 parati
1267 849 1270 854 .

368 875 407 938 Et
431 893 493 936 sua.
526 873 663 948 Quisnam
686 872 831 933 bominum
851 873 964 934 veniam
985 874 1055 934 dure
1081 873 1185 953 quisue
1207 873 1329 937 deorum

367 958 523 1021 Ventribus
547 957 687 1018 abnueret
703 955 766 1018 dira
788 964 875 1036 atque
895 957 1026 1018 immania
1047 958 1143 1036 passis

367 1044 407 1106 Et
428 1041 532 1123 qulbus
553 1042 669 1102 illorum
688 1049 824 1120 poterant
843 1041 1000 1118 ignoscere
1021 1058 1133 1118 manes,
1300 1054 1351 1107 105

369 1128 497 1203 Quorum
519 1125 692 1205 corporibus
712 1121 928 1185 vescebantur?
949 1122 1055 1191 Melius
1075 1141 1131 1185 nos

369 1211 495 1274 Zenonis
517 1217 677 1289 praecepta
697 1217 830 1278 mouent;
855 1225 912 1268 uec
931 1209 1007 1268 euim
1028 1209 1139 1285 omnia,
1165 1209 1308 1290 quaedam

368 1295 425 1355 Pro
448 1294 508 1355 vita
527 1293 662 1355 facienda
684 1300 799 1372 putant:
827 1292 880 1352 sed
901 1289 1048 1373 (lqntaber
1069 1293 1145 1354 unde

369 1378 501 1454 Stoicus,
522 1378 630 1457 antiqui
652 1377 825 1457 praesertim
841 1383 938 1437 aetate
959 1373 1093 1437 Metelli?

368 1461 451 1524 Nunc
473 1470 550 1522 totus
573 1460 674 1522 Graias
695 1469 869 1540 nostraeque
892 1458 980 1521 babet
1000 1459 1082 1520 orbis
1103 1457 1246 1540 Athenae,
1301 1472 1352 1525 110

370 1545 463 1608 Gallia
488 1545 651 1606 causidicos
674 1543 772 1605 docuit
796 1543 919 1604 iucunda
940 1542 1103 1621 Britannos,

369 1630 416 1691 De
438 1629 628 1690 conducendo
652 1629 779 1707 loquitur
799 1629 855 1689 iam
874 1627 994 1688 rhetore
1017 1627 1122 1704 Thyle.

369 1712 483 1775 Nobilis
510 1713 561 1774 ille
582 1721 678 1773 tamen
699 1711 843 1791 populus,
870 1728 956 1789 quem
981 1710 1120 1788 dimus,
1147 1719 1178 1773 et
1199 1729 1254 1793 par

368 1798 483 1858 Virtute
509 1805 597 1876 atque
622 1796 696 1872 lide,
718 1795 772 1855 sed
794 1795 886 1855 maior
907 1793 1007 1873 clade,
1029 1796 1186 1875 saguntus,

370 1881 442 1943 'l'ale
463 1881 531 1960 quid
554 1887 689 1941 excusat:
718 1877 867 1939 Maeotide
881 1880 1003 1939 saevior
1025 1872 1075 1942 ert
1302 1878 1353 1947 116

369 1966 533 2049 Aegyptus.
573 1962 689 2043 Quippe
710 1963 761 2024 illa
781 1962 897 2023 nefandi
921 1961 1043 2025 Taurica
1068 1963 1146 2024 sacri
1188 2012 1191 2019 .

369 2049 516 2111 luventrix
536 2047 667 2108 homines
691 2047 832 2129 (utiam,
858 2063 932 2126 quae
954 2048 1081 2110 carmina
1101 2047 1226 2126 tradunt,

370 2134 465 2212 Digna
486 2133 544 2194 lide
566 2132 686 2212 credas)
708 2139 816 2192 tantum
841 2130 985 2208 immolat,
1005 2132 1128 2193 ulterius
1148 2131 1189 2193 nil

370 2217 429 2277 Aut
451 2216 569 2295 gravius
591 2216 684 2277 cultro
706 2216 787 2277 timet
808 2215 917 2276 hostia:
944 2214 1009 2294 quis
1029 2215 1116 2276 modo
1140 2233 1227 2277 casus

369 2300 485 2380 Impulit
505 2297 582 2361 bos?
611 2318 685 2379 quae
705 2309 784 2361 tanta
806 2299 899 2360 iames
919 2299 1082 2379 infestaque
1104 2299 1186 2362 vallo
1302 2309 1355 2364 lto

370 2384 460 2447 Arma
483 2394 644 2462 coegemnt
666 2393 724 2445 tam
749 2383 924 2445 detestabile
946 2392 1105 2445 monstrum

370 2465 513 2528 Audere‘l
539 2486 613 2528 anne
633 2467 736 2544 aliam,
761 2477 840 2529 terra
861 2466 1163 2547 Memphitide-sima,

370 2551 508 2613 Invidiam
528 2551 660 2612 facerent
682 2551 792 2613 nolenti
815 2569 939 2629 surgere
960 2549 1052 2613 Nilo?

372 2635 437 2710 Qua
459 2653 515 2695 nec
536 2634 683 2695 terribiles
705 2632 813 2697 Cimbri
835 2653 891 2696 nec
911 2635 1046 2697 Bistones
1067 2654 1201 2719 umquam

372 2718 618 2798 Sauromataeque
639 2727 737 2780 truces
762 2728 810 2780 aut
834 2721 972 2781 immanes
992 2720 1163 2801 Agathyrsi,
1301 2730 1353 2785 125

371 2803 433 2863 Hac
455 2804 548 2864 saevit
568 2802 650 2865 rabie
672 2802 790 2865 imbelle
814 2812 845 2865 et
867 2803 967 2865 inutile
988 2805 1106 2884 vulgus,

274 2948 276 2953 .
372 2887 495 2948 Parvula
514 2887 651 2948 fictilibus
672 2888 790 2949 solitum
809 2889 881 2950 dare
901 2889 1122 2970 vela-phaselis

371 2969 411 3032 Et
435 2970 573 3032 brevibus
594 2973 692 3052 pictae
711 2974 799 3033 remis
823 2959 993 3036 incumbere
1014 2982 1120 3036 testae.
1158 2993 1173 3003 ·

371 3053 444 3115 Nec¹
458 3055 711 3135 poenam'sceleri
730 3058 881 3134 iuvenies,
902 3076 958 3119 uec
977 3059 1065 3136 digua
1085 3057 1204 3139 parabis

373 3140 522 3219 Supplicia
543 3139 588 3200 bis
612 3140 747 3219 populls,
770 3141 799 3223 iu
822 3159 943 3220 quorum
964 3151 1060 3203 mente
1081 3159 1169 3221 pares
1191 3149 1258 3203 sunt
1307 3150 1357 3205 130

373 3223 411 3283 Et
432 3223 542 3286 similes
563 3225 606 3285 ira
627 3234 714 3304 atque
733 3225 835 3285 brues.
867 3224 1036 3287 blollissima
1058 3223 1148 3287 corda

373 3307 502 3368 Humano
525 3310 628 3386 generi
649 3308 719 3370 dare
745 3326 778 3369 se
800 3318 901 3371 natura
921 3309 1037 3385 latetur,

375 3391 464 3466 Quae.
481 3392 614 3453 lacrimas
636 3391 728 3461 dedit:
751 3392 827 3454 baec
847 3393 938 3454 nostri
956 3409 1025 3470 pars
1048 3389 1155 3467 optima
1176 3405 1291 3449 seusus.

373 3475 493 3536 Plorare
516 3493 589 3554 ergo
610 3474 691 3536 iubet
714 3495 831 3538 causam
850 3477 972 3538 dicentis
994 3473 1077 3534 amici

374 3558 605 3640 squaloremque
628 3561 689 3637 rei,
711 3561 852 3642 pupillum
873 3559 908 3622 ad
928 3560 989 3619 iura
1011 3566 1166 3620 vocantem
1304 3565 1356 3624 136

375 3639 679 3722 circumscriptorem,
701 3646 782 3705 cuins
803 3643 944 3704 munantla
965 3642 1035 3705 lletu

374 3723 433 3786 0ra
455 3725 603 3807 puellares
625 3727 734 3789 faciunt
757 3729 869 3789 incerta
889 3726 998 3807 capilli.
