<?xml version="1.0" encoding="UTF-8"?>
<!DOCTYPE html PUBLIC "-//W3C//DTD XHTML 1.0 Transitional//EN"
    "http://www.w3.org/TR/xhtml1/DTD/xhtml1-transitional.dtd">
<html xmlns="http://www.w3.org/1999/xhtml" xml:lang="en" lang="en">
 <head>
  <title>
</title>
<meta http-equiv="Content-Type" content="text/html;charset=utf-8" />
  <meta name='ocr-system' content='tesseract 3.04.00' />
  <meta name='ocr-capabilities' content='ocr_page ocr_carea ocr_par ocr_line ocrx_word'/>
</head>
<body>
  <div class='ocr_page' id='page_1' title='image "./mvalmartialisep00martgoog_0432.png"; bbox 0 0 3267 4409; ppageno 0'>
   <div class='ocr_carea' id='block_1_1' title="bbox 686 461 1278 517">
    <p class='ocr_par' dir='ltr' id='par_1_1' title="bbox 686 461 1278 517">
     <span class='ocr_line' id='line_1_1' title="bbox 686 461 1278 517; baseline -0.007 -7"><span class='ocrx_word' id='word_1_1' title='bbox 686 461 893 513; x_wconf 72' lang='lat' dir='ltr'>Personam.</span> <span class='ocrx_word' id='word_1_2' title='bbox 1213 467 1278 517; x_wconf 78' lang='lat' dir='ltr'>m</span> 
     </span>
    </p>
   </div>
   <div class='ocr_carea' id='block_1_2' title="bbox 290 603 1278 3795">
    <p class='ocr_par' dir='ltr' id='par_1_2' title="bbox 290 603 1278 3795">
     <span class='ocr_line' id='line_1_2' title="bbox 297 603 1277 680; baseline 0.006 -19"><span class='ocrx_word' id='word_1_3' title='bbox 297 609 364 662; x_wconf 91' lang='lat' dir='ltr'>auct.</span> <span class='ocrx_word' id='word_1_4' title='bbox 377 618 408 659; x_wconf 83' lang='lat' dir='ltr'>ex</span> <span class='ocrx_word' id='word_1_5' title='bbox 417 603 471 660; x_wconf 91' lang='lat' dir='ltr'>eod.</span> <span class='ocrx_word' id='word_1_6' title='bbox 482 603 558 662; x_wconf 79' lang='lat' dir='ltr'>vatic:</span> <span class='ocrx_word' id='word_1_7' title='bbox 569 604 596 662; x_wconf 87' lang='grc' dir='ltr'>Τ.</span> <span class='ocrx_word' id='word_1_8' title='bbox 608 604 655 671; x_wconf 86' lang='grc'><strong>111,</strong></span> <span class='ocrx_word' id='word_1_9' title='bbox 664 621 690 678; x_wconf 91' lang='lat' dir='ltr'>p.</span> <span class='ocrx_word' id='word_1_10' title='bbox 702 623 770 663; x_wconf 82' lang='lat' dir='ltr'>xum</span> <span class='ocrx_word' id='word_1_11' title='bbox 786 609 947 680; x_wconf 84' lang='lat' dir='ltr'>insignissima</span> <span class='ocrx_word' id='word_1_12' title='bbox 959 609 1067 680; x_wconf 81' lang='lat' dir='ltr'>exempla</span> <span class='ocrx_word' id='word_1_13' title='bbox 1081 609 1194 679; x_wconf 80' lang='lat' dir='ltr'>exbibet,</span> <span class='ocrx_word' id='word_1_14' title='bbox 1214 611 1277 672; x_wconf 81' lang='lat' dir='ltr'>circa</span> 
     </span>
     <span class='ocr_line' id='line_1_3' title="bbox 296 686 1277 764; baseline 0.005 -19"><span class='ocrx_word' id='word_1_15' title='bbox 296 703 350 745; x_wconf 86' lang='lat' dir='ltr'>seo.</span> <span class='ocrx_word' id='word_1_16' title='bbox 366 688 494 743; x_wconf 89' lang='lat' dir='ltr'>lllvelVll</span> <span class='ocrx_word' id='word_1_17' title='bbox 511 691 600 760; x_wconf 81' lang='lat' dir='ltr'>duplex</span> <span class='ocrx_word' id='word_1_18' title='bbox 622 686 746 746; x_wconf 84' lang='lat' dir='ltr'>satirarum</span> <span class='ocrx_word' id='word_1_19' title='bbox 763 694 872 748; x_wconf 85' lang='lat' dir='ltr'><strong>recensio</strong></span> <span class='ocrx_word' id='word_1_20' title='bbox 889 693 1021 759; x_wconf 69' lang='lat' dir='ltr'>exstiterit·</span> <span class='ocrx_word' id='word_1_21' title='bbox 1040 709 1140 764; x_wconf 89' lang='lat' dir='ltr'>quarum</span> <span class='ocrx_word' id='word_1_22' title='bbox 1155 696 1277 750; x_wconf 90' lang='lat' dir='ltr'>alterama</span> 
     </span>
     <span class='ocr_line' id='line_1_4' title="bbox 297 772 1277 845; baseline 0.008 -17"><span class='ocrx_word' id='word_1_23' title='bbox 297 773 428 828; x_wconf 87' lang='lat' dir='ltr'>christiano</span> <span class='ocrx_word' id='word_1_24' title='bbox 443 772 540 828; x_wconf 92' lang='lat' dir='ltr'>homine</span> <span class='ocrx_word' id='word_1_25' title='bbox 558 781 629 845; x_wconf 80' lang='lat' dir='ltr'>atque</span> <span class='ocrx_word' id='word_1_26' title='bbox 645 776 806 831; x_wconf 88' lang='lat' dir='ltr'>ecclesiastico</span> <span class='ocrx_word' id='word_1_27' title='bbox 821 778 908 831; x_wconf 90' lang='lat' dir='ltr'>iactam</span> <span class='ocrx_word' id='word_1_28' title='bbox 923 792 976 832; x_wconf 83' lang='lat' dir='ltr'>esse</span> <span class='ocrx_word' id='word_1_29' title='bbox 987 777 1113 833; x_wconf 81' lang='lat' dir='ltr'>manifesto</span> <span class='ocrx_word' id='word_1_30' title='bbox 1124 777 1173 835; x_wconf 87' lang='lat' dir='ltr'>Sat.</span> <span class='ocrx_word' id='word_1_31' title='bbox 1187 778 1277 836; x_wconf 62' lang='lat' dir='ltr'>luva</span> 
     </span>
     <span class='ocr_line' id='line_1_5' title="bbox 296 858 1278 933; baseline 0.006 -23"><span class='ocrx_word' id='word_1_32' title='bbox 296 863 442 928; x_wconf 86' lang='lat' dir='ltr'>argumento</span> <span class='ocrx_word' id='word_1_33' title='bbox 455 865 561 925; x_wconf 89' lang='lat' dir='ltr'>constat,</span> <span class='ocrx_word' id='word_1_34' title='bbox 574 858 616 912; x_wconf 93' lang='lat' dir='ltr'>ubi</span> <span class='ocrx_word' id='word_1_35' title='bbox 626 874 670 929; x_wconf 96' lang='lat' dir='ltr'>pro</span> <span class='ocrx_word' id='word_1_36' title='bbox 681 862 795 915; x_wconf 71' lang='lat' dir='ltr'>monetam</span> <span class='ocrx_word' id='word_1_37' title='bbox 803 861 928 916; x_wconf 75' lang='lat' dir='ltr'>haesuram</span> <span class='ocrx_word' id='word_1_38' title='bbox 942 862 966 916; x_wconf 94' lang='lat' dir='ltr'>in</span> <span class='ocrx_word' id='word_1_39' title='bbox 982 861 1101 932; x_wconf 92' lang='lat' dir='ltr'>plerisque</span> <span class='ocrx_word' id='word_1_40' title='bbox 1112 862 1177 915; x_wconf 92' lang='lat' dir='ltr'>libris</span> <span class='ocrx_word' id='word_1_41' title='bbox 1187 862 1278 933; x_wconf 85' lang='lat' dir='ltr'>legitur</span> 
     </span>
     <span class='ocr_line' id='line_1_6' title="bbox 296 941 1277 1017; baseline 0.006 -23"><span class='ocrx_word' id='word_1_42' title='bbox 296 941 414 995; x_wconf 80' lang='lat' dir='ltr'><em>maculam</em></span> <span class='ocrx_word' id='word_1_43' title='bbox 424 949 447 996; x_wconf 90' lang='lat' dir='ltr'>et</span> <span class='ocrx_word' id='word_1_44' title='bbox 462 959 560 1013; x_wconf 76' lang='lat' dir='ltr'>raporn,</span> <span class='ocrx_word' id='word_1_45' title='bbox 579 943 706 1009; x_wconf 82' lang='lat' dir='ltr'>nimirum,</span> <span class='ocrx_word' id='word_1_46' title='bbox 725 945 788 1015; x_wconf 91' lang='lat' dir='ltr'>quod</span> <span class='ocrx_word' id='word_1_47' title='bbox 800 951 856 1014; x_wconf 90' lang='lat' dir='ltr'>post</span> <span class='ocrx_word' id='word_1_48' title='bbox 866 945 918 1000; x_wconf 88' lang='lat' dir='ltr'>Nic.</span> <span class='ocrx_word' id='word_1_49' title='bbox 929 945 1062 1017; x_wconf 85' lang='lat' dir='ltr'>Rigaltium</span> <span class='ocrx_word' id='word_1_50' title='bbox 1073 945 1144 1000; x_wconf 90' lang='lat' dir='ltr'>docte</span> <span class='ocrx_word' id='word_1_51' title='bbox 1156 945 1277 1000; x_wconf 79' lang='lat' dir='ltr'><strong>annotavit</strong></span> 
     </span>
     <span class='ocr_line' id='line_1_7' title="bbox 296 1024 1276 1098; baseline 0.007 -18"><span class='ocrx_word' id='word_1_52' title='bbox 296 1024 327 1080; x_wconf 83' lang='grc' dir='ltr'>Ε.</span> <span class='ocrx_word' id='word_1_53' title='bbox 344 1024 373 1079; x_wconf 88' lang='lat' dir='ltr'>G.</span> <span class='ocrx_word' id='word_1_54' title='bbox 386 1025 505 1080; x_wconf 82' lang='lat' dir='ltr'>Weberus</span> <span class='ocrx_word' id='word_1_55' title='bbox 516 1027 639 1082; x_wconf 71' lang='lat' dir='ltr'>animadv.</span> <span class='ocrx_word' id='word_1_56' title='bbox 655 1027 684 1081; x_wconf 93' lang='lat' dir='ltr'>ad</span> <span class='ocrx_word' id='word_1_57' title='bbox 696 1027 777 1082; x_wconf 84' lang='lat' dir='ltr'>lunen.</span> <span class='ocrx_word' id='word_1_58' title='bbox 789 1027 861 1085; x_wconf 89' lang='lat' dir='ltr'>Satir.</span> <span class='ocrx_word' id='word_1_59' title='bbox 873 1029 921 1083; x_wconf 90' lang='lat' dir='ltr'>len.</span> <span class='ocrx_word' id='word_1_60' title='bbox 935 1035 1010 1087; x_wconf 73' lang='lat'>1820.</span> <span class='ocrx_word' id='word_1_61' title='bbox 1028 1032 1059 1094; x_wconf 85' lang='lat'>8,</span> <span class='ocrx_word' id='word_1_62' title='bbox 1076 1044 1102 1098; x_wconf 84' lang='lat' dir='ltr'>p.</span> <span class='ocrx_word' id='word_1_63' title='bbox 1115 1033 1164 1095; x_wconf 86' lang='grc'>37,</span> <span class='ocrx_word' id='word_1_64' title='bbox 1177 1031 1276 1081; x_wconf 75' lang='grc' dir='ltr'><em>σπῖλον</em></span> 
     </span>
     <span class='ocr_line' id='line_1_8' title="bbox 295 1101 1276 1182; baseline 0.006 -22"><span class='ocrx_word' id='word_1_65' title='bbox 295 1105 347 1161; x_wconf 78' lang='grc' dir='ltr'>καὶ</span> <span class='ocrx_word' id='word_1_66' title='bbox 358 1101 463 1179; x_wconf 71' lang='grc' dir='ltr'><em>ῥυτίδα,</em></span> <span class='ocrx_word' id='word_1_67' title='bbox 475 1125 535 1180; x_wconf 83' lang='lat' dir='ltr'>qnae</span> <span class='ocrx_word' id='word_1_68' title='bbox 545 1109 571 1166; x_wconf 88' lang='lat' dir='ltr'>S.</span> <span class='ocrx_word' id='word_1_69' title='bbox 582 1109 649 1164; x_wconf 91' lang='lat' dir='ltr'>Pauli</span> <span class='ocrx_word' id='word_1_70' title='bbox 659 1112 730 1166; x_wconf 89' lang='lat' dir='ltr'>verba</span> <span class='ocrx_word' id='word_1_71' title='bbox 742 1113 771 1167; x_wconf 89' lang='lat' dir='ltr'>ad</span> <span class='ocrx_word' id='word_1_72' title='bbox 782 1111 869 1182; x_wconf 83' lang='lat' dir='ltr'>pres,</span> <span class='ocrx_word' id='word_1_73' title='bbox 879 1113 907 1168; x_wconf 93' lang='lat' dir='ltr'>V.</span> <span class='ocrx_word' id='word_1_74' title='bbox 918 1117 952 1171; x_wconf 80' lang='lat'>27</span> <span class='ocrx_word' id='word_1_75' title='bbox 965 1128 995 1166; x_wconf 85' lang='lat' dir='ltr'>ex</span> <span class='ocrx_word' id='word_1_76' title='bbox 1004 1113 1076 1167; x_wconf 89' lang='lat' dir='ltr'>latina</span> <span class='ocrx_word' id='word_1_77' title='bbox 1085 1113 1192 1167; x_wconf 91' lang='lat' dir='ltr'>eiusdem</span> <span class='ocrx_word' id='word_1_78' title='bbox 1203 1114 1276 1166; x_wconf 92' lang='lat' dir='ltr'>inter-</span> 
     </span>
     <span class='ocr_line' id='line_1_9' title="bbox 295 1193 1275 1264; baseline 0.003 -18"><span class='ocrx_word' id='word_1_79' title='bbox 295 1193 432 1264; x_wconf 81' lang='lat' dir='ltr'>pretatione</span> <span class='ocrx_word' id='word_1_80' title='bbox 442 1195 580 1249; x_wconf 70' lang='lat' dir='ltr'>memoriter</span> <span class='ocrx_word' id='word_1_81' title='bbox 588 1195 617 1249; x_wconf 91' lang='lat' dir='ltr'>ad</span> <span class='ocrx_word' id='word_1_82' title='bbox 625 1195 759 1250; x_wconf 85' lang='lat' dir='ltr'>iuvenalem</span> <span class='ocrx_word' id='word_1_83' title='bbox 769 1196 843 1251; x_wconf 89' lang='lat' dir='ltr'>bomo</span> <span class='ocrx_word' id='word_1_84' title='bbox 853 1197 1000 1252; x_wconf 84' lang='lat' dir='ltr'>semidoctus</span> <span class='ocrx_word' id='word_1_85' title='bbox 1011 1197 1144 1258; x_wconf 87' lang='lat' dir='ltr'>traustnbt;</span> <span class='ocrx_word' id='word_1_86' title='bbox 1156 1197 1275 1251; x_wconf 89' lang='lat' dir='ltr'>eiusdem-</span> 
     </span>
     <span class='ocr_line' id='line_1_10' title="bbox 295 1279 1276 1351; baseline 0.003 -21"><span class='ocrx_word' id='word_1_87' title='bbox 295 1292 345 1349; x_wconf 85' lang='lat' dir='ltr'>que</span> <span class='ocrx_word' id='word_1_88' title='bbox 355 1288 452 1331; x_wconf 89' lang='lat' dir='ltr'>mantrm</span> <span class='ocrx_word' id='word_1_89' title='bbox 469 1294 511 1347; x_wconf 88' lang='lat' dir='ltr'>per</span> <span class='ocrx_word' id='word_1_90' title='bbox 522 1294 605 1333; x_wconf 92' lang='lat' dir='ltr'>omues</span> <span class='ocrx_word' id='word_1_91' title='bbox 621 1279 691 1333; x_wconf 90' lang='lat' dir='ltr'>buius</span> <span class='ocrx_word' id='word_1_92' title='bbox 706 1281 779 1334; x_wconf 92' lang='lat' dir='ltr'>libros</span> <span class='ocrx_word' id='word_1_93' title='bbox 795 1282 820 1335; x_wconf 93' lang='lat' dir='ltr'>in</span> <span class='ocrx_word' id='word_1_94' title='bbox 831 1281 892 1351; x_wconf 85' lang='lat' dir='ltr'>disp.</span> <span class='ocrx_word' id='word_1_95' title='bbox 906 1281 936 1335; x_wconf 93' lang='lat' dir='ltr'>de</span> <span class='ocrx_word' id='word_1_96' title='bbox 949 1281 1072 1336; x_wconf 87' lang='lat' dir='ltr'>codicibus</span> <span class='ocrx_word' id='word_1_97' title='bbox 1083 1280 1199 1335; x_wconf 89' lang='lat' dir='ltr'>luvenalis</span> <span class='ocrx_word' id='word_1_98' title='bbox 1210 1285 1276 1333; x_wconf 90' lang='lat' dir='ltr'>reete</span> 
     </span>
     <span class='ocr_line' id='line_1_11' title="bbox 295 1361 1275 1435; baseline 0.002 -20"><span class='ocrx_word' id='word_1_99' title='bbox 295 1362 461 1416; x_wconf 79' lang='lat' dir='ltr'>existinrandis</span> <span class='ocrx_word' id='word_1_100' title='bbox 470 1361 536 1418; x_wconf 85' lang='lat' dir='ltr'>leet.</span> <span class='ocrx_word' id='word_1_101' title='bbox 549 1361 615 1418; x_wconf 88' lang='lat' dir='ltr'>Gott.</span> <span class='ocrx_word' id='word_1_102' title='bbox 626 1369 684 1418; x_wconf 89' lang='lat' dir='ltr'>aest.</span> <span class='ocrx_word' id='word_1_103' title='bbox 697 1367 764 1422; x_wconf 79' lang='lat'>1847</span> <span class='ocrx_word' id='word_1_104' title='bbox 775 1365 912 1435; x_wconf 84' lang='lat' dir='ltr'>praemissa·</span> <span class='ocrx_word' id='word_1_105' title='bbox 921 1370 958 1418; x_wconf 93' lang='lat' dir='ltr'>tot</span> <span class='ocrx_word' id='word_1_106' title='bbox 969 1365 1078 1420; x_wconf 88' lang='lat' dir='ltr'>locorum</span> <span class='ocrx_word' id='word_1_107' title='bbox 1094 1364 1187 1418; x_wconf 91' lang='lat' dir='ltr'>indiciis</span> <span class='ocrx_word' id='word_1_108' title='bbox 1207 1379 1275 1418; x_wconf 93' lang='lat' dir='ltr'>coar-</span> 
     </span>
     <span class='ocr_line' id='line_1_12' title="bbox 294 1446 1275 1520; baseline 0.002 -20"><span class='ocrx_word' id='word_1_109' title='bbox 294 1446 381 1518; x_wconf 85' lang='lat' dir='ltr'>guisse</span> <span class='ocrx_word' id='word_1_110' title='bbox 390 1446 448 1499; x_wconf 92' lang='lat' dir='ltr'>mibi</span> <span class='ocrx_word' id='word_1_111' title='bbox 458 1447 553 1513; x_wconf 85' lang='lat' dir='ltr'>videor,</span> <span class='ocrx_word' id='word_1_112' title='bbox 566 1453 592 1501; x_wconf 91' lang='lat' dir='ltr'>ut</span> <span class='ocrx_word' id='word_1_113' title='bbox 605 1447 718 1517; x_wconf 89' lang='lat' dir='ltr'>plurimas</span> <span class='ocrx_word' id='word_1_114' title='bbox 728 1448 949 1520; x_wconf 87' lang='lat' dir='ltr'>insignissimasque</span> <span class='ocrx_word' id='word_1_115' title='bbox 959 1450 1099 1516; x_wconf 89' lang='lat' dir='ltr'>varietates,</span> <span class='ocrx_word' id='word_1_116' title='bbox 1111 1448 1197 1519; x_wconf 92' lang='lat' dir='ltr'>quibus</span> <span class='ocrx_word' id='word_1_117' title='bbox 1208 1447 1275 1502; x_wconf 89' lang='lat' dir='ltr'>eodi-</span> 
     </span>
     <span class='ocr_line' id='line_1_13' title="bbox 294 1530 1275 1602; baseline 0.001 -17"><span class='ocrx_word' id='word_1_118' title='bbox 294 1544 338 1585; x_wconf 78' lang='lat' dir='ltr'>ces</span> <span class='ocrx_word' id='word_1_119' title='bbox 348 1530 424 1584; x_wconf 93' lang='lat' dir='ltr'>nostri</span> <span class='ocrx_word' id='word_1_120' title='bbox 436 1531 497 1584; x_wconf 90' lang='lat' dir='ltr'>inter</span> <span class='ocrx_word' id='word_1_121' title='bbox 507 1546 534 1591; x_wconf 88' lang='lat' dir='ltr'>se</span> <span class='ocrx_word' id='word_1_122' title='bbox 544 1531 691 1600; x_wconf 78' lang='lat' dir='ltr'>discrepant,</span> <span class='ocrx_word' id='word_1_123' title='bbox 704 1547 753 1585; x_wconf 92' lang='lat' dir='ltr'>non</span> <span class='ocrx_word' id='word_1_124' title='bbox 763 1533 792 1586; x_wconf 91' lang='lat' dir='ltr'>ad</span> <span class='ocrx_word' id='word_1_125' title='bbox 804 1533 914 1588; x_wconf 81' lang='lat' dir='ltr'>fortuitas</span> <span class='ocrx_word' id='word_1_126' title='bbox 925 1533 1053 1588; x_wconf 88' lang='lat' dir='ltr'>verbomm</span> <span class='ocrx_word' id='word_1_127' title='bbox 1063 1533 1219 1602; x_wconf 73' lang='lat' dir='ltr'>corruptelas</span> <span class='ocrx_word' id='word_1_128' title='bbox 1231 1530 1275 1586; x_wconf 87' lang='lat' dir='ltr'>sed</span> 
     </span>
     <span class='ocr_line' id='line_1_14' title="bbox 294 1613 1275 1685; baseline 0 -16"><span class='ocrx_word' id='word_1_129' title='bbox 294 1615 327 1669; x_wconf 92' lang='lat' dir='ltr'>ad</span> <span class='ocrx_word' id='word_1_130' title='bbox 345 1613 500 1669; x_wconf 90' lang='lat' dir='ltr'>deliberatam</span> <span class='ocrx_word' id='word_1_131' title='bbox 521 1621 609 1684; x_wconf 89' lang='lat' dir='ltr'>poetae</span> <span class='ocrx_word' id='word_1_132' title='bbox 626 1616 832 1685; x_wconf 80' lang='lat' dir='ltr'>interpolationem</span> <span class='ocrx_word' id='word_1_133' title='bbox 845 1618 933 1672; x_wconf 83' lang='lat' dir='ltr'>referre</span> <span class='ocrx_word' id='word_1_134' title='bbox 950 1617 1028 1672; x_wconf 87' lang='lat' dir='ltr'>liceat.</span> <span class='ocrx_word' id='word_1_135' title='bbox 1059 1620 1093 1672; x_wconf 79' lang='lat' dir='ltr'>Ao</span> <span class='ocrx_word' id='word_1_136' title='bbox 1103 1616 1151 1672; x_wconf 93' lang='lat' dir='ltr'>duo</span> <span class='ocrx_word' id='word_1_137' title='bbox 1162 1617 1275 1670; x_wconf 88' lang='lat' dir='ltr'>codicum</span> 
     </span>
     <span class='ocr_line' id='line_1_15' title="bbox 294 1700 1274 1772; baseline 0.002 -21"><span class='ocrx_word' id='word_1_138' title='bbox 294 1713 396 1770; x_wconf 83' lang='lat' dir='ltr'>genera,</span> <span class='ocrx_word' id='word_1_139' title='bbox 407 1714 508 1769; x_wconf 91' lang='lat' dir='ltr'>quorum</span> <span class='ocrx_word' id='word_1_140' title='bbox 519 1701 619 1754; x_wconf 91' lang='lat' dir='ltr'>alterurn</span> <span class='ocrx_word' id='word_1_141' title='bbox 631 1700 752 1772; x_wconf 88' lang='lat' dir='ltr'>integrum</span> <span class='ocrx_word' id='word_1_142' title='bbox 764 1702 813 1755; x_wconf 86' lang='lat' dir='ltr'>lere</span> <span class='ocrx_word' id='word_1_143' title='bbox 823 1702 875 1756; x_wconf 91' lang='lat' dir='ltr'>solo</span> <span class='ocrx_word' id='word_1_144' title='bbox 886 1701 1017 1756; x_wconf 88' lang='lat' dir='ltr'>Pithoeano</span> <span class='ocrx_word' id='word_1_145' title='bbox 1029 1707 1153 1765; x_wconf 83' lang='lat' dir='ltr'>cernatur,</span> <span class='ocrx_word' id='word_1_146' title='bbox 1172 1701 1274 1755; x_wconf 90' lang='lat' dir='ltr'>alterum</span> 
     </span>
     <span class='ocr_line' id='line_1_16' title="bbox 294 1783 1274 1856; baseline -0.001 -18"><span class='ocrx_word' id='word_1_147' title='bbox 294 1788 437 1851; x_wconf 89' lang='lat' dir='ltr'>corruptum</span> <span class='ocrx_word' id='word_1_148' title='bbox 447 1783 550 1855; x_wconf 91' lang='lat' dir='ltr'>reliquos</span> <span class='ocrx_word' id='word_1_149' title='bbox 561 1799 636 1853; x_wconf 92' lang='lat' dir='ltr'>paene</span> <span class='ocrx_word' id='word_1_150' title='bbox 655 1800 738 1839; x_wconf 91' lang='lat' dir='ltr'>omnes</span> <span class='ocrx_word' id='word_1_151' title='bbox 754 1785 951 1856; x_wconf 81' lang='lat' dir='ltr'>comprehendat,</span> <span class='ocrx_word' id='word_1_152' title='bbox 969 1786 1017 1840; x_wconf 91' lang='lat' dir='ltr'>iam</span> <span class='ocrx_word' id='word_1_153' title='bbox 1027 1783 1056 1841; x_wconf 90' lang='lat'>0.</span> <span class='ocrx_word' id='word_1_154' title='bbox 1070 1783 1166 1838; x_wconf 90' lang='lat' dir='ltr'>labnius</span> <span class='ocrx_word' id='word_1_155' title='bbox 1177 1785 1205 1838; x_wconf 89' lang='lat' dir='ltr'>ad</span> <span class='ocrx_word' id='word_1_156' title='bbox 1217 1783 1274 1838; x_wconf 89' lang='lat' dir='ltr'>Per·</span> 
     </span>
     <span class='ocr_line' id='line_1_17' title="bbox 293 1867 1274 1939; baseline -0.003 -17"><span class='ocrx_word' id='word_1_157' title='bbox 293 1868 359 1922; x_wconf 88' lang='lat' dir='ltr'>sium</span> <span class='ocrx_word' id='word_1_158' title='bbox 369 1883 394 1937; x_wconf 94' lang='lat' dir='ltr'>p.</span> <span class='ocrx_word' id='word_1_159' title='bbox 407 1883 489 1922; x_wconf 86' lang='lat' dir='ltr'>cxxvr</span> <span class='ocrx_word' id='word_1_160' title='bbox 502 1867 623 1922; x_wconf 88' lang='lat' dir='ltr'>luculento</span> <span class='ocrx_word' id='word_1_161' title='bbox 634 1867 684 1925; x_wconf 89' lang='lat' dir='ltr'>Sat.</span> <span class='ocrx_word' id='word_1_162' title='bbox 700 1869 740 1925; x_wconf 86' lang='lat' dir='ltr'>lX.</span> <span class='ocrx_word' id='word_1_163' title='bbox 748 1873 782 1928; x_wconf 82' lang='grc'>37</span> <span class='ocrx_word' id='word_1_164' title='bbox 794 1870 1035 1939; x_wconf 77' lang='lat' dir='ltr'>exemplodistinxit3</span> <span class='ocrx_word' id='word_1_165' title='bbox 1048 1870 1111 1924; x_wconf 91' lang='lat' dir='ltr'>idern</span> <span class='ocrx_word' id='word_1_166' title='bbox 1122 1883 1178 1922; x_wconf 87' lang='lat' dir='ltr'>vero</span> <span class='ocrx_word' id='word_1_167' title='bbox 1190 1867 1274 1921; x_wconf 91' lang='lat' dir='ltr'>discri-</span> 
     </span>
     <span class='ocr_line' id='line_1_18' title="bbox 292 1949 1274 2023; baseline -0.003 -17"><span class='ocrx_word' id='word_1_168' title='bbox 292 1967 351 2006; x_wconf 89' lang='lat' dir='ltr'>men</span> <span class='ocrx_word' id='word_1_169' title='bbox 367 1951 533 2020; x_wconf 90' lang='lat' dir='ltr'>perplurimas</span> <span class='ocrx_word' id='word_1_170' title='bbox 544 1953 693 2023; x_wconf 87' lang='lat' dir='ltr'>singularum</span> <span class='ocrx_word' id='word_1_171' title='bbox 711 1954 837 2008; x_wconf 78' lang='grc'><strong>3311131331</strong></span> <span class='ocrx_word' id='word_1_172' title='bbox 852 1954 967 2008; x_wconf 86' lang='lat' dir='ltr'>lectiones</span> <span class='ocrx_word' id='word_1_173' title='bbox 984 1954 1153 2023; x_wconf 79' lang='lat' dir='ltr'>investigatum</span> <span class='ocrx_word' id='word_1_174' title='bbox 1163 1965 1237 2021; x_wconf 90' lang='lat' dir='ltr'>quum</span> <span class='ocrx_word' id='word_1_175' title='bbox 1248 1949 1274 2004; x_wconf 93' lang='lat' dir='ltr'>in</span> 
     </span>
     <span class='ocr_line' id='line_1_19' title="bbox 292 2034 1274 2111; baseline -0.002 -21"><span class='ocrx_word' id='word_1_176' title='bbox 292 2035 335 2090; x_wconf 92' lang='lat' dir='ltr'>illa</span> <span class='ocrx_word' id='word_1_177' title='bbox 344 2035 504 2105; x_wconf 91' lang='lat' dir='ltr'>disputatione</span> <span class='ocrx_word' id='word_1_178' title='bbox 515 2037 543 2091; x_wconf 90' lang='lat' dir='ltr'>ad</span> <span class='ocrx_word' id='word_1_179' title='bbox 555 2051 685 2107; x_wconf 90' lang='lat' dir='ltr'>eamquam</span> <span class='ocrx_word' id='word_1_180' title='bbox 695 2037 744 2091; x_wconf 79' lang='lat' dir='ltr'>dini</span> <span class='ocrx_word' id='word_1_181' title='bbox 755 2037 963 2107; x_wconf 81' lang='lat' dir='ltr'>interpolationem</span> <span class='ocrx_word' id='word_1_182' title='bbox 973 2037 1089 2102; x_wconf 83' lang='lat' dir='ltr'>revocari,</span> <span class='ocrx_word' id='word_1_183' title='bbox 1101 2041 1154 2089; x_wconf 88' lang='lat' dir='ltr'>turn</span> <span class='ocrx_word' id='word_1_184' title='bbox 1164 2035 1189 2089; x_wconf 93' lang='lat' dir='ltr'>in</span> <span class='ocrx_word' id='word_1_185' title='bbox 1199 2034 1274 2111; x_wconf 84' lang='lat' dir='ltr'>altera</span> 
     </span>
     <span class='ocr_line' id='line_1_20' title="bbox 292 2117 1273 2191; baseline 0.001 -16"><span class='ocrx_word' id='word_1_186' title='bbox 292 2120 325 2175; x_wconf 90' lang='lat' dir='ltr'>de</span> <span class='ocrx_word' id='word_1_187' title='bbox 335 2117 487 2174; x_wconf 90' lang='lat' dir='ltr'>Scholiorum</span> <span class='ocrx_word' id='word_1_188' title='bbox 498 2121 526 2175; x_wconf 90' lang='lat' dir='ltr'>ad</span> <span class='ocrx_word' id='word_1_189' title='bbox 538 2120 671 2175; x_wconf 87' lang='lat' dir='ltr'>Iuvenalem</span> <span class='ocrx_word' id='word_1_190' title='bbox 683 2135 773 2191; x_wconf 85' lang='lat' dir='ltr'>genere</span> <span class='ocrx_word' id='word_1_191' title='bbox 784 2122 902 2176; x_wconf 83' lang='lat' dir='ltr'>deteriore</span> <span class='ocrx_word' id='word_1_192' title='bbox 914 2120 1044 2176; x_wconf 88' lang='lat' dir='ltr'>indicendis</span> <span class='ocrx_word' id='word_1_193' title='bbox 1055 2120 1123 2174; x_wconf 82' lang='lat' dir='ltr'>Leot.</span> <span class='ocrx_word' id='word_1_194' title='bbox 1133 2119 1273 2182; x_wconf 64' lang='grc'><strong>33311849</strong></span> 
     </span>
     <span class='ocr_line' id='line_1_21' title="bbox 292 2192 1274 2276; baseline -0.004 -17"><span class='ocrx_word' id='word_1_195' title='bbox 292 2204 384 2273; x_wconf 89' lang='lat' dir='ltr'>scripta</span> <span class='ocrx_word' id='word_1_196' title='bbox 400 2219 430 2259; x_wconf 90' lang='lat' dir='ltr'>eo</span> <span class='ocrx_word' id='word_1_197' title='bbox 443 2192 519 2276; x_wconf 84' lang='lat' dir='ltr'>usque</span> <span class='ocrx_word' id='word_1_198' title='bbox 529 2214 670 2274; x_wconf 84' lang='lat' dir='ltr'>persecutus</span> <span class='ocrx_word' id='word_1_199' title='bbox 680 2221 747 2272; x_wconf 90' lang='lat' dir='ltr'>sum,</span> <span class='ocrx_word' id='word_1_200' title='bbox 763 2211 791 2261; x_wconf 91' lang='lat' dir='ltr'>ut</span> <span class='ocrx_word' id='word_1_201' title='bbox 803 2207 959 2275; x_wconf 88' lang='lat' dir='ltr'>interpretum</span> <span class='ocrx_word' id='word_1_202' title='bbox 974 2219 1069 2276; x_wconf 89' lang='lat' dir='ltr'>quoque</span> <span class='ocrx_word' id='word_1_203' title='bbox 1085 2203 1158 2258; x_wconf 89' lang='lat' dir='ltr'>medii</span> <span class='ocrx_word' id='word_1_204' title='bbox 1175 2202 1226 2258; x_wconf 84' lang='lat' dir='ltr'>aevi</span> <span class='ocrx_word' id='word_1_205' title='bbox 1237 2201 1274 2255; x_wconf 92' lang='lat' dir='ltr'>in·</span> 
     </span>
     <span class='ocr_line' id='line_1_22' title="bbox 292 2281 1272 2360; baseline 0 -19"><span class='ocrx_word' id='word_1_206' title='bbox 292 2288 384 2358; x_wconf 87' lang='lat' dir='ltr'>eptias,</span> <span class='ocrx_word' id='word_1_207' title='bbox 401 2303 501 2359; x_wconf 88' lang='lat' dir='ltr'>quarum</span> <span class='ocrx_word' id='word_1_208' title='bbox 518 2295 542 2342; x_wconf 93' lang='lat' dir='ltr'>et</span> <span class='ocrx_word' id='word_1_209' title='bbox 553 2289 648 2344; x_wconf 91' lang='lat' dir='ltr'>labnius</span> <span class='ocrx_word' id='word_1_210' title='bbox 659 2290 715 2345; x_wconf 91' lang='lat' dir='ltr'>ibid.</span> <span class='ocrx_word' id='word_1_211' title='bbox 735 2305 760 2360; x_wconf 94' lang='lat' dir='ltr'>p.</span> <span class='ocrx_word' id='word_1_212' title='bbox 773 2305 837 2344; x_wconf 81' lang='lat' dir='ltr'>cxvi</span> <span class='ocrx_word' id='word_1_213' title='bbox 853 2281 878 2344; x_wconf 87' lang='lat' dir='ltr'>et</span> <span class='ocrx_word' id='word_1_214' title='bbox 888 2288 1038 2360; x_wconf 89' lang='lat' dir='ltr'>Schopenius</span> <span class='ocrx_word' id='word_1_215' title='bbox 1054 2289 1079 2342; x_wconf 94' lang='lat' dir='ltr'>in</span> <span class='ocrx_word' id='word_1_216' title='bbox 1088 2287 1173 2359; x_wconf 84' lang='lat' dir='ltr'>Progr.</span> <span class='ocrx_word' id='word_1_217' title='bbox 1186 2285 1272 2358; x_wconf 73' lang='lat' dir='ltr'>upon.</span> 
     </span>
     <span class='ocr_line' id='line_1_23' title="bbox 291 2369 1274 2444; baseline -0.003 -17"><span class='ocrx_word' id='word_1_218' title='bbox 291 2371 429 2427; x_wconf 90' lang='lat' dir='ltr'>Bonnensis</span> <span class='ocrx_word' id='word_1_219' title='bbox 440 2377 506 2431; x_wconf 76' lang='lat'>1847</span> <span class='ocrx_word' id='word_1_220' title='bbox 518 2374 648 2443; x_wconf 87' lang='lat' dir='ltr'>specimina</span> <span class='ocrx_word' id='word_1_221' title='bbox 658 2389 673 2428; x_wconf 94' lang='lat' dir='ltr'>e</span> <span class='ocrx_word' id='word_1_222' title='bbox 682 2373 881 2429; x_wconf 82' lang='lat' dir='ltr'>bibliothecarum</span> <span class='ocrx_word' id='word_1_223' title='bbox 891 2374 988 2429; x_wconf 89' lang='lat' dir='ltr'>latebris</span> <span class='ocrx_word' id='word_1_224' title='bbox 1000 2373 1176 2444; x_wconf 80' lang='lat' dir='ltr'>produxerunt,</span> <span class='ocrx_word' id='word_1_225' title='bbox 1187 2371 1217 2427; x_wconf 91' lang='lat' dir='ltr'>ad</span> <span class='ocrx_word' id='word_1_226' title='bbox 1232 2369 1274 2425; x_wconf 91' lang='lat' dir='ltr'>de-</span> 
     </span>
     <span class='ocr_line' id='line_1_24' title="bbox 292 2455 1273 2528; baseline -0.004 -17"><span class='ocrx_word' id='word_1_227' title='bbox 292 2457 408 2511; x_wconf 89' lang='lat' dir='ltr'>teriorem</span> <span class='ocrx_word' id='word_1_228' title='bbox 424 2457 490 2510; x_wconf 90' lang='lat' dir='ltr'>illam</span> <span class='ocrx_word' id='word_1_229' title='bbox 508 2459 673 2513; x_wconf 89' lang='lat' dir='ltr'>recensionem</span> <span class='ocrx_word' id='word_1_230' title='bbox 692 2465 801 2528; x_wconf 89' lang='lat' dir='ltr'>spectare</span> <span class='ocrx_word' id='word_1_231' title='bbox 823 2459 1024 2521; x_wconf 87' lang='lat' dir='ltr'>demonstrarem;</span> <span class='ocrx_word' id='word_1_232' title='bbox 1044 2456 1155 2512; x_wconf 90' lang='lat' dir='ltr'>omuibus</span> <span class='ocrx_word' id='word_1_233' title='bbox 1171 2455 1273 2524; x_wconf 89' lang='lat' dir='ltr'>deniqne</span> 
     </span>
     <span class='ocr_line' id='line_1_25' title="bbox 291 2538 1274 2612; baseline -0.004 -16"><span class='ocrx_word' id='word_1_234' title='bbox 291 2538 427 2596; x_wconf 88' lang='lat' dir='ltr'>rationibus</span> <span class='ocrx_word' id='word_1_235' title='bbox 442 2541 566 2596; x_wconf 89' lang='lat' dir='ltr'>subductis</span> <span class='ocrx_word' id='word_1_236' title='bbox 583 2543 648 2598; x_wconf 91' lang='lat' dir='ltr'>velut</span> <span class='ocrx_word' id='word_1_237' title='bbox 661 2542 781 2612; x_wconf 88' lang='lat' dir='ltr'>duplicem</span> <span class='ocrx_word' id='word_1_238' title='bbox 797 2544 933 2599; x_wconf 82' lang='lat' dir='ltr'>Iuvenalem</span> <span class='ocrx_word' id='word_1_239' title='bbox 944 2549 1049 2601; x_wconf 87' lang='lat' dir='ltr'>statuere</span> <span class='ocrx_word' id='word_1_240' title='bbox 1060 2541 1154 2604; x_wconf 87' lang='lat' dir='ltr'>licebit,</span> <span class='ocrx_word' id='word_1_241' title='bbox 1172 2539 1274 2594; x_wconf 87' lang='lat' dir='ltr'>alterum</span> 
     </span>
     <span class='ocr_line' id='line_1_26' title="bbox 291 2623 1274 2697; baseline 0 -20"><span class='ocrx_word' id='word_1_242' title='bbox 291 2624 441 2697; x_wconf 84' lang='lat' dir='ltr'>genuinum,</span> <span class='ocrx_word' id='word_1_243' title='bbox 457 2626 501 2679; x_wconf 91' lang='lat' dir='ltr'>sed</span> <span class='ocrx_word' id='word_1_244' title='bbox 517 2627 585 2679; x_wconf 89' lang='lat' dir='ltr'>cuius</span> <span class='ocrx_word' id='word_1_245' title='bbox 601 2627 678 2681; x_wconf 84' lang='lat' dir='ltr'>forma</span> <span class='ocrx_word' id='word_1_246' title='bbox 694 2631 719 2681; x_wconf 89' lang='lat' dir='ltr'>et</span> <span class='ocrx_word' id='word_1_247' title='bbox 734 2629 864 2683; x_wconf 88' lang='lat' dir='ltr'>auctoritas</span> <span class='ocrx_word' id='word_1_248' title='bbox 881 2643 912 2682; x_wconf 80' lang='lat' dir='ltr'>ex</span> <span class='ocrx_word' id='word_1_249' title='bbox 921 2644 969 2682; x_wconf 94' lang='lat' dir='ltr'>uno</span> <span class='ocrx_word' id='word_1_250' title='bbox 980 2627 1072 2693; x_wconf 86' lang='lat' dir='ltr'>codice,</span> <span class='ocrx_word' id='word_1_251' title='bbox 1084 2639 1156 2696; x_wconf 91' lang='lat' dir='ltr'>quem</span> <span class='ocrx_word' id='word_1_252' title='bbox 1166 2638 1214 2695; x_wconf 86' lang='lat' dir='ltr'>ego</span> <span class='ocrx_word' id='word_1_253' title='bbox 1225 2623 1274 2677; x_wconf 89' lang='lat' dir='ltr'>Bu·</span> 
     </span>
     <span class='ocr_line' id='line_1_27' title="bbox 292 2708 1273 2783; baseline -0.005 -18"><span class='ocrx_word' id='word_1_254' title='bbox 292 2710 409 2772; x_wconf 78' lang='lat' dir='ltr'>dement,</span> <span class='ocrx_word' id='word_1_255' title='bbox 420 2708 516 2764; x_wconf 90' lang='lat' dir='ltr'>Iahnius</span> <span class='ocrx_word' id='word_1_256' title='bbox 527 2709 684 2765; x_wconf 87' lang='lat' dir='ltr'>Pitboeanum</span> <span class='ocrx_word' id='word_1_257' title='bbox 695 2712 836 2782; x_wconf 83' lang='lat' dir='ltr'>appellarit,</span> <span class='ocrx_word' id='word_1_258' title='bbox 848 2718 873 2767; x_wconf 91' lang='lat' dir='ltr'>et</span> <span class='ocrx_word' id='word_1_259' title='bbox 883 2712 1015 2783; x_wconf 90' lang='lat' dir='ltr'>antiquiore</span> <span class='ocrx_word' id='word_1_260' title='bbox 1026 2709 1172 2765; x_wconf 89' lang='lat' dir='ltr'>scholiorum</span> <span class='ocrx_word' id='word_1_261' title='bbox 1183 2721 1273 2779; x_wconf 85' lang='lat' dir='ltr'>genere</span> 
     </span>
     <span class='ocr_line' id='line_1_28' title="bbox 290 2790 1274 2869; baseline -0.005 -21"><span class='ocrx_word' id='word_1_262' title='bbox 290 2793 332 2848; x_wconf 84' lang='lat' dir='ltr'>uel</span> <span class='ocrx_word' id='word_1_263' title='bbox 344 2791 473 2847; x_wconf 90' lang='lat' dir='ltr'>Pitboeano</span> <span class='ocrx_word' id='word_1_264' title='bbox 490 2793 528 2847; x_wconf 85' lang='lat' dir='ltr'>vel</span> <span class='ocrx_word' id='word_1_265' title='bbox 543 2792 694 2866; x_wconf 79' lang='lat' dir='ltr'>sangallensi</span> <span class='ocrx_word' id='word_1_266' title='bbox 711 2801 764 2851; x_wconf 90' lang='lat' dir='ltr'>tuto</span> <span class='ocrx_word' id='word_1_267' title='bbox 785 2795 903 2869; x_wconf 83' lang='lat' dir='ltr'>cognosci</span> <span class='ocrx_word' id='word_1_268' title='bbox 918 2796 1005 2866; x_wconf 90' lang='lat' dir='ltr'>possit,</span> <span class='ocrx_word' id='word_1_269' title='bbox 1025 2794 1127 2848; x_wconf 88' lang='lat' dir='ltr'>alterurn</span> <span class='ocrx_word' id='word_1_270' title='bbox 1147 2790 1274 2860; x_wconf 89' lang='lat' dir='ltr'>multiplici</span> 
     </span>
     <span class='ocr_line' id='line_1_29' title="bbox 291 2874 1273 2950; baseline -0.003 -18"><span class='ocrx_word' id='word_1_271' title='bbox 291 2877 383 2932; x_wconf 83' lang='lat' dir='ltr'>ueteris</span> <span class='ocrx_word' id='word_1_272' title='bbox 393 2878 534 2932; x_wconf 87' lang='lat' dir='ltr'>correctoris</span> <span class='ocrx_word' id='word_1_273' title='bbox 545 2878 640 2933; x_wconf 88' lang='lat' dir='ltr'>licentia</span> <span class='ocrx_word' id='word_1_274' title='bbox 651 2879 823 2945; x_wconf 76' lang='lat' dir='ltr'>deformatum,</span> <span class='ocrx_word' id='word_1_275' title='bbox 844 2895 916 2950; x_wconf 92' lang='lat' dir='ltr'>quem</span> <span class='ocrx_word' id='word_1_276' title='bbox 926 2885 1006 2933; x_wconf 90' lang='lat' dir='ltr'>tamen</span> <span class='ocrx_word' id='word_1_277' title='bbox 1018 2877 1091 2932; x_wconf 91' lang='lat' dir='ltr'>medii</span> <span class='ocrx_word' id='word_1_278' title='bbox 1103 2876 1154 2930; x_wconf 85' lang='lat' dir='ltr'>aevi</span> <span class='ocrx_word' id='word_1_279' title='bbox 1163 2874 1273 2929; x_wconf 89' lang='lat' dir='ltr'>homines</span> 
     </span>
     <span class='ocr_line' id='line_1_30' title="bbox 292 2952 1273 3034; baseline -0.007 -16"><span class='ocrx_word' id='word_1_280' title='bbox 292 2961 356 3018; x_wconf 87' lang='lat' dir='ltr'>adeo</span> <span class='ocrx_word' id='word_1_281' title='bbox 365 2952 448 3016; x_wconf 81' lang='lat' dir='ltr'>solum&#39;</span> <span class='ocrx_word' id='word_1_282' title='bbox 455 2970 628 3034; x_wconf 86' lang='lat' dir='ltr'>cognoverunt,</span> <span class='ocrx_word' id='word_1_283' title='bbox 639 2969 668 3018; x_wconf 94' lang='lat' dir='ltr'>ut</span> <span class='ocrx_word' id='word_1_284' title='bbox 678 2963 792 3034; x_wconf 91' lang='lat' dir='ltr'>quidquid</span> <span class='ocrx_word' id='word_1_285' title='bbox 799 2964 912 3018; x_wconf 90' lang='lat' dir='ltr'>codicum</span> <span class='ocrx_word' id='word_1_286' title='bbox 923 2968 1016 3033; x_wconf 87' lang='lat' dir='ltr'>praeter</span> <span class='ocrx_word' id='word_1_287' title='bbox 1022 2975 1098 3014; x_wconf 85' lang='grc'><strong>11113111</strong></span> <span class='ocrx_word' id='word_1_288' title='bbox 1108 2959 1176 3013; x_wconf 91' lang='lat' dir='ltr'>illum</span> <span class='ocrx_word' id='word_1_289' title='bbox 1186 2957 1273 3012; x_wconf 90' lang='lat' dir='ltr'>habea-</span> 
     </span>
     <span class='ocr_line' id='line_1_31' title="bbox 291 3040 1273 3118; baseline -0.004 -19"><span class='ocrx_word' id='word_1_290' title='bbox 291 3059 362 3109; x_wconf 86' lang='lat' dir='ltr'>mus,</span> <span class='ocrx_word' id='word_1_291' title='bbox 375 3047 406 3100; x_wconf 89' lang='lat' dir='ltr'>ad</span> <span class='ocrx_word' id='word_1_292' title='bbox 416 3044 487 3100; x_wconf 89' lang='lat' dir='ltr'>buius</span> <span class='ocrx_word' id='word_1_293' title='bbox 497 3047 634 3117; x_wconf 83' lang='lat' dir='ltr'>exemplum</span> <span class='ocrx_word' id='word_1_294' title='bbox 644 3047 790 3115; x_wconf 80' lang='lat' dir='ltr'>descriptum</span> <span class='ocrx_word' id='word_1_295' title='bbox 801 3054 826 3101; x_wconf 91' lang='lat' dir='ltr'>et</span> <span class='ocrx_word' id='word_1_296' title='bbox 837 3052 997 3118; x_wconf 88' lang='lat' dir='ltr'>propagatum</span> <span class='ocrx_word' id='word_1_297' title='bbox 1008 3058 1060 3099; x_wconf 89' lang='lat' dir='ltr'>esse</span> <span class='ocrx_word' id='word_1_298' title='bbox 1075 3044 1191 3098; x_wconf 84' lang='lat' dir='ltr'>rideatur.</span> <span class='ocrx_word' id='word_1_299' title='bbox 1220 3040 1273 3104; x_wconf 78' lang='lat' dir='ltr'>Qua</span> 
     </span>
     <span class='ocr_line' id='line_1_32' title="bbox 292 3126 1273 3202; baseline -0.006 -18"><span class='ocrx_word' id='word_1_300' title='bbox 292 3129 319 3184; x_wconf 91' lang='lat' dir='ltr'>iu</span> <span class='ocrx_word' id='word_1_301' title='bbox 329 3131 448 3184; x_wconf 86' lang='lat' dir='ltr'>sententia</span> <span class='ocrx_word' id='word_1_302' title='bbox 463 3146 512 3184; x_wconf 90' lang='lat' dir='ltr'>uon</span> <span class='ocrx_word' id='word_1_303' title='bbox 528 3131 576 3186; x_wconf 88' lang='lat' dir='ltr'>hoo</span> <span class='ocrx_word' id='word_1_304' title='bbox 591 3131 658 3195; x_wconf 88' lang='lat' dir='ltr'>dieo,</span> <span class='ocrx_word' id='word_1_305' title='bbox 676 3130 781 3202; x_wconf 89' lang='lat' dir='ltr'>reliquos</span> <span class='ocrx_word' id='word_1_306' title='bbox 791 3131 887 3186; x_wconf 81' lang='lat' dir='ltr'>codices</span> <span class='ocrx_word' id='word_1_307' title='bbox 900 3136 925 3184; x_wconf 91' lang='grc'>31</span> <span class='ocrx_word' id='word_1_308' title='bbox 940 3131 1005 3198; x_wconf 93' lang='lat' dir='ltr'>ipsos</span> <span class='ocrx_word' id='word_1_309' title='bbox 1015 3128 1085 3183; x_wconf 92' lang='lat' dir='ltr'>unius</span> <span class='ocrx_word' id='word_1_310' title='bbox 1095 3133 1189 3182; x_wconf 90' lang='lat' dir='ltr'>tantum</span> <span class='ocrx_word' id='word_1_311' title='bbox 1199 3126 1273 3179; x_wconf 93' lang='lat' dir='ltr'>instar</span> 
     </span>
     <span class='ocr_line' id='line_1_33' title="bbox 292 3209 1273 3287; baseline -0.003 -19"><span class='ocrx_word' id='word_1_312' title='bbox 292 3228 348 3268; x_wconf 81' lang='lat' dir='ltr'>esse</span> <span class='ocrx_word' id='word_1_313' title='bbox 357 3228 436 3285; x_wconf 90' lang='lat' dir='ltr'>neque</span> <span class='ocrx_word' id='word_1_314' title='bbox 446 3214 508 3268; x_wconf 91' lang='lat' dir='ltr'>iuter</span> <span class='ocrx_word' id='word_1_315' title='bbox 518 3230 545 3269; x_wconf 89' lang='lat' dir='ltr'>se</span> <span class='ocrx_word' id='word_1_316' title='bbox 556 3230 638 3270; x_wconf 91' lang='lat' dir='ltr'>rursus</span> <span class='ocrx_word' id='word_1_317' title='bbox 648 3215 731 3269; x_wconf 89' lang='lat' dir='ltr'>multis</span> <span class='ocrx_word' id='word_1_318' title='bbox 747 3216 891 3287; x_wconf 71' lang='lat' dir='ltr'>magnisque</span> <span class='ocrx_word' id='word_1_319' title='bbox 906 3213 1060 3268; x_wconf 83' lang='lat' dir='ltr'>varietatibus</span> <span class='ocrx_word' id='word_1_320' title='bbox 1071 3210 1181 3271; x_wconf 67' lang='lat' dir='ltr'>differret</span> <span class='ocrx_word' id='word_1_321' title='bbox 1197 3209 1273 3265; x_wconf 89' lang='lat' dir='ltr'>immo</span> 
     </span>
     <span class='ocr_line' id='line_1_34' title="bbox 291 3293 1273 3369; baseline -0.004 -17"><span class='ocrx_word' id='word_1_322' title='bbox 291 3298 381 3353; x_wconf 92' lang='lat' dir='ltr'>horum</span> <span class='ocrx_word' id='word_1_323' title='bbox 391 3312 487 3369; x_wconf 92' lang='lat' dir='ltr'>quoque</span> <span class='ocrx_word' id='word_1_324' title='bbox 504 3304 529 3352; x_wconf 91' lang='lat' dir='ltr'>et</span> <span class='ocrx_word' id='word_1_325' title='bbox 539 3299 642 3354; x_wconf 78' lang='lat' dir='ltr'>familiae</span> <span class='ocrx_word' id='word_1_326' title='bbox 652 3299 760 3354; x_wconf 89' lang='lat' dir='ltr'>bonitate</span> <span class='ocrx_word' id='word_1_327' title='bbox 773 3299 844 3354; x_wconf 85' lang='lat' dir='ltr'>valdo</span> <span class='ocrx_word' id='word_1_328' title='bbox 860 3299 968 3354; x_wconf 86' lang='lat' dir='ltr'>diversae</span> <span class='ocrx_word' id='word_1_329' title='bbox 983 3301 1079 3352; x_wconf 81' lang='lat' dir='ltr'>exstant</span> <span class='ocrx_word' id='word_1_330' title='bbox 1095 3301 1120 3349; x_wconf 93' lang='lat' dir='ltr'>et</span> <span class='ocrx_word' id='word_1_331' title='bbox 1134 3293 1225 3364; x_wconf 85' lang='lat' dir='ltr'>singuli</span> <span class='ocrx_word' id='word_1_332' title='bbox 1236 3293 1273 3348; x_wconf 92' lang='lat' dir='ltr'>in·</span> 
     </span>
     <span class='ocr_line' id='line_1_35' title="bbox 290 3379 1273 3454; baseline -0.007 -16"><span class='ocrx_word' id='word_1_333' title='bbox 290 3383 390 3454; x_wconf 80' lang='lat' dir='ltr'>signem</span> <span class='ocrx_word' id='word_1_334' title='bbox 400 3382 550 3438; x_wconf 84' lang='lat' dir='ltr'>librariorum</span> <span class='ocrx_word' id='word_1_335' title='bbox 565 3383 688 3438; x_wconf 87' lang='lat' dir='ltr'>audaciam</span> <span class='ocrx_word' id='word_1_336' title='bbox 699 3384 790 3454; x_wconf 82' lang='lat' dir='ltr'>experti</span> <span class='ocrx_word' id='word_1_337' title='bbox 805 3389 878 3449; x_wconf 90' lang='lat' dir='ltr'>sunt,</span> <span class='ocrx_word' id='word_1_338' title='bbox 897 3383 965 3438; x_wconf 89' lang='lat' dir='ltr'>euius</span> <span class='ocrx_word' id='word_1_339' title='bbox 979 3380 1085 3441; x_wconf 83' lang='lat' dir='ltr'>notabile</span> <span class='ocrx_word' id='word_1_340' title='bbox 1101 3379 1273 3434; x_wconf 86' lang='lat' dir='ltr'>documentum</span> 
     </span>
     <span class='ocr_line' id='line_1_36' title="bbox 291 3460 1273 3545; baseline -0.007 -24"><span class='ocrx_word' id='word_1_341' title='bbox 291 3465 495 3537; x_wconf 75' lang='lat' dir='ltr'>versenmeyerus</span> <span class='ocrx_word' id='word_1_342' title='bbox 506 3465 971 3538; x_wconf 59' lang='grc' dir='ltr'><strong>13111331.11111311311793113111133111ς</strong></span> <span class='ocrx_word' id='word_1_343' title='bbox 982 3463 1144 3545; x_wconf 83' lang='lat' dir='ltr'>necrieissim</span> <span class='ocrx_word' id='word_1_344' title='bbox 1155 3460 1273 3531; x_wconf 90' lang='lat' dir='ltr'>optimum</span> 
     </span>
     <span class='ocr_line' id='line_1_37' title="bbox 293 3544 1273 3629; baseline -0.008 -23"><span class='ocrx_word' id='word_1_345' title='bbox 293 3551 404 3606; x_wconf 88' lang='lat' dir='ltr'>codicem</span> <span class='ocrx_word' id='word_1_346' title='bbox 417 3552 539 3605; x_wconf 91' lang='lat' dir='ltr'>communi</span> <span class='ocrx_word' id='word_1_347' title='bbox 551 3550 662 3606; x_wconf 91' lang='lat' dir='ltr'>omuibus</span> <span class='ocrx_word' id='word_1_348' title='bbox 673 3550 862 3621; x_wconf 89' lang='lat' dir='ltr'>corruptelarum</span> <span class='ocrx_word' id='word_1_349' title='bbox 880 3550 1151 3629; x_wconf 19' lang='lat' dir='ltr'>velsadditamentorum</span> <span class='ocrx_word' id='word_1_350' title='bbox 1168 3544 1273 3600; x_wconf 83' lang='grc'><strong>1311333-</strong></span> 
     </span>
     <span class='ocr_line' id='line_1_38' title="bbox 291 3628 1273 3702; baseline -0.009 -11"><span class='ocrx_word' id='word_1_351' title='bbox 291 3641 387 3691; x_wconf 89' lang='grc'><strong>131331</strong></span> <span class='ocrx_word' id='word_1_352' title='bbox 405 3649 459 3690; x_wconf 91' lang='lat' dir='ltr'>mea</span> <span class='ocrx_word' id='word_1_353' title='bbox 476 3641 501 3690; x_wconf 91' lang='lat' dir='ltr'>et</span> <span class='ocrx_word' id='word_1_354' title='bbox 516 3635 618 3690; x_wconf 91' lang='lat' dir='ltr'>aliorum</span> <span class='ocrx_word' id='word_1_355' title='bbox 635 3635 776 3691; x_wconf 88' lang='lat' dir='ltr'>emendandi</span> <span class='ocrx_word' id='word_1_356' title='bbox 792 3635 918 3690; x_wconf 89' lang='lat' dir='ltr'>conamina</span> <span class='ocrx_word' id='word_1_357' title='bbox 935 3633 1010 3689; x_wconf 90' lang='lat' dir='ltr'>libere</span> <span class='ocrx_word' id='word_1_358' title='bbox 1019 3630 1127 3702; x_wconf 81' lang='lat' dir='ltr'>professa</span> <span class='ocrx_word' id='word_1_359' title='bbox 1136 3635 1207 3692; x_wconf 89' lang='lat' dir='ltr'>sunt;</span> <span class='ocrx_word' id='word_1_360' title='bbox 1226 3628 1273 3698; x_wconf 92' lang='lat' dir='ltr'>ipsi</span> 
     </span>
     <span class='ocr_line' id='line_1_39' title="bbox 290 3711 1271 3795; baseline -0.01 -19"><span class='ocrx_word' id='word_1_361' title='bbox 290 3725 374 3776; x_wconf 87' lang='grc'><strong>13111311</strong></span> <span class='ocrx_word' id='word_1_362' title='bbox 385 3719 528 3775; x_wconf 89' lang='lat' dir='ltr'>emendandi</span> <span class='ocrx_word' id='word_1_363' title='bbox 537 3720 639 3790; x_wconf 80' lang='lat' dir='ltr'>negotio</span> <span class='ocrx_word' id='word_1_364' title='bbox 650 3735 725 3795; x_wconf 88' lang='lat' dir='ltr'>quum</span> <span class='ocrx_word' id='word_1_365' title='bbox 734 3718 795 3775; x_wconf 82' lang='lat' dir='ltr'>baec</span> <span class='ocrx_word' id='word_1_366' title='bbox 805 3726 899 3774; x_wconf 88' lang='lat' dir='ltr'>tanturn</span> <span class='ocrx_word' id='word_1_367' title='bbox 909 3718 976 3788; x_wconf 92' lang='lat' dir='ltr'>optio</span> <span class='ocrx_word' id='word_1_368' title='bbox 987 3717 1042 3772; x_wconf 90' lang='lat' dir='ltr'>data</span> <span class='ocrx_word' id='word_1_369' title='bbox 1052 3715 1099 3783; x_wconf 84' lang='lat' dir='ltr'>sit,</span> <span class='ocrx_word' id='word_1_370' title='bbox 1110 3720 1189 3768; x_wconf 88' lang='lat' dir='ltr'>utrum</span> <span class='ocrx_word' id='word_1_371' title='bbox 1201 3711 1231 3766; x_wconf 91' lang='lat' dir='ltr'>ab</span> <span class='ocrx_word' id='word_1_372' title='bbox 1242 3727 1271 3767; x_wconf 89' lang='lat' dir='ltr'>eo</span> 
     </span>
    </p>
   </div>
   <div class='ocr_carea' id='block_1_3' title="bbox 291 3797 1293 3942">
    <p class='ocr_par' dir='ltr' id='par_1_3' title="bbox 291 3797 1293 3942">
     <span class='ocr_line' id='line_1_40' title="bbox 291 3797 1293 3942; baseline -0.012 -83"><span class='ocrx_word' id='word_1_373' title='bbox 291 3803 408 3860; x_wconf 89' lang='lat' dir='ltr'>librorum</span> <span class='ocrx_word' id='word_1_374' title='bbox 419 3817 509 3876; x_wconf 82' lang='lat' dir='ltr'>genere</span> <span class='ocrx_word' id='word_1_375' title='bbox 519 3802 690 3874; x_wconf 85' lang='lat' dir='ltr'>proficiscatur,</span> <span class='ocrx_word' id='word_1_376' title='bbox 708 3803 792 3876; x_wconf 90' lang='lat' dir='ltr'>inquo</span> <span class='ocrx_word' id='word_1_377' title='bbox 801 3816 936 3876; x_wconf 87' lang='lat' dir='ltr'>numquam</span> <span class='ocrx_word' id='word_1_378' title='bbox 943 3797 1194 3942; x_wconf 47' lang='lat' dir='ltr'>unuintqrqobatoiss</span> <span class='ocrx_word' id='word_1_379' title='bbox 1200 3805 1293 3849; x_wconf 68' lang='lat' dir='ltr'>susus-</span> 
     </span>
    </p>
   </div>
   <div class='ocr_carea' id='block_1_4' title="bbox 0 0 1638 4409">
    <p class='ocr_par' dir='ltr' id='par_1_4' title="bbox 0 0 1638 4409">
     <span class='ocr_line' id='line_1_41' title="bbox 0 0 1638 4409; baseline 0 2"><span class='ocrx_word' id='word_1_380' title='bbox 0 0 1638 4409; x_wconf 95' lang='lat' dir='ltr'> </span> 
     </span>
    </p>
   </div>
  </div>
 </body>
</html>
