3267 4409
481 442 823 506 EPIGRAMMATON
837 444 912 506 LlB.
926 445 974 507 lll
1209 448 1250 510 63

695 648 773 711 XIII.

289 763 374 824 Dum
387 780 451 822 uon
465 762 511 822 via
525 761 646 840 pisces,
667 759 739 820 dum
753 781 816 820 uon
831 761 877 820 vis
892 779 1022 841 carpere
1034 759 1137 842 pullos

252 887 254 890 -
331 848 375 908 Et
388 844 460 926 plus
476 865 566 925 quam
580 846 680 924 putri,
701 846 832 924 Naevia,
853 846 955 924 parcis
971 865 1061 925 apro,

289 933 427 992 Accusas
439 931 620 1010 rumpisque
639 949 760 1008 cocum,
782 936 927 1009 tanquam
941 931 1042 989 omnia
1056 929 1151 992 cruda
1218 962 1222 967 ,

333 1014 498 1076 Attulerit.
525 1015 687 1093 Nunquam
703 1015 748 1074 sic
763 1032 821 1093 ego
836 1012 949 1075 crudus
964 1032 1027 1074 ero.

687 1176 768 1239 XIV.

293 1293 418 1353 Romam
433 1291 563 1372 petebat
577 1291 712 1349 esuritor
728 1289 862 1351 Tuccius

333 1376 500 1436 Profectus
517 1393 555 1434 ex
571 1374 727 1453 Hispania.

295 1461 437 1522 Occurrit
447 1454 500 1518 'illi
514 1456 724 1537 sportularum
737 1458 856 1518 fabula:

332 1546 361 1605 A
374 1550 472 1624 ponte
487 1542 585 1603 rediit
597 1542 724 1605 Mulvio.

694 1705 762 1770 XV.
820 1767 828 1781 ,

287 1834 368 1915 ,Plus
386 1834 490 1896 credit
502 1855 594 1896 uemo
609 1856 698 1916 quam
712 1844 779 1898 tota
793 1836 913 1900 Cordus
927 1840 960 1898 in
974 1840 1060 1901 urbe.

336 1921 436 1999 „Gom
451 1922 494 1981 sit
509 1927 571 1981 tam
584 1940 718 2002 pauper,
742 1923 940 2002 quomodo‘3“
969 1924 1087 1985 Caecus
1102 1932 1189 1985 amat.

688 2084 770 2150 XVI.

301 2195 353 2257 lias
368 2196 575 2277 gladiatores,
597 2205 735 2259 sutorum
749 2197 876 2278 regule,
900 2197 1011 2278 cerdo,

337 2279 488 2362 Quodque
503 2284 561 2343 tibi
575 2284 686 2344 tribuit
702 2283 825 2362 subula,
847 2286 909 2344 sica
922 2286 1014 2363 rapit.

301 2362 405 2426 Ebrius
421 2385 471 2427 es:
492 2386 595 2446 neque
610 2370 691 2427 euim
704 2369 827 2428 faceres
842 2370 901 2428 hoc
917 2370 1038 2429 sobrius
1057 2390 1205 2450 uuquam,

335 2452 377 2511 Ut
389 2450 489 2529 velles
504 2453 590 2511 corio
603 2451 729 2530 ludere,
751 2452 863 2530 cerdo,
885 2458 947 2514 tuo.
1133 2450 1136 2455 ’

284 2532 409 2595 clausisti
424 2536 525 2595 corioz
547 2534 603 2596 sed
616 2543 666 2615 te,
686 2536 889 2613 mihicrede,
910 2542 1065 2597 memento

336 2619 424 2680 Nunc
437 2621 471 2679 in
485 2618 649 2699 pellicula,
673 2620 785 2700 cerdo,
806 2628 918 2682 tenere
932 2626 993 2682 t'ua.

624 2823 635 2835 ·
682 2785 778 2848 XVII.

300 2913 481 2974 Circumlata
498 2912 551 2974 diu
564 2907 679 2976 mensis
693 2908 833 2977 scriblita
847 2911 991 2974 secundis

334 2999 454 3059 Urebat
468 3001 563 3059 nimio
579 3019 668 3060 saeva
683 3000 786 3060 calore
801 3017 906 3058 manus
916 2997 935 3073 ;'

299 3081 357 3142 Sed
372 3084 468 3160 magia
482 3081 611 3144 ardebat
625 3083 732 3144 Sabidi
746 3082 831 3162 gula:
852 3083 993 3162 protinus
1008 3099 1083 3159 ergo

336 3166 478 3227 Sufflavit
492 3169 597 3228 buccis
612 3174 724 3247 terque
741 3175 912 3248 quaterque
926 3167 997 3225 suis.

283 3249 353 3311 tllla
367 3250 610 3332 quidem‘tepuit
625 3251 801 3332 digitosque
816 3250 981 3311 admittere
997 3248 1061 3308 visa
1076 3252 1140 3324 est,

337 3335 400 3397 Sed
412 3354 505 3397 uemo
518 3338 621 3417 potuit
634 3343 763 3416 tangere
772 3357 780 3396 :
789 3389 793 3396 .
803 3334 911 3397 merda
925 3334 993 3394 luit.

675 3499 784 3561 XVlll.

301 3608 480 3672 Perfrixisse
494 3618 562 3671 tuas
578 3618 687 3690 questa
699 3618 748 3672 est
760 3612 912 3691 praelatio
929 3610 1043 3673 fauces.

340 3695 416 3756 Cum
428 3702 461 3757 te
477 3697 649 3777 excusaris,
669 3696 820 3776 Maxime,
842 3693 916 3776 quid
930 3692 1067 3754 recitas?
