3267 4409
259 455 262 460 ’
323 477 385 543 reo
647 474 693 538 n.
707 475 799 540 van.
817 475 1044 539 nourrius

805 680 886 742 XIX.

410 795 532 874 Pauper
545 747 646 856 videri
661 794 760 855 Cinna
773 792 854 869 volt3
874 798 907 856 et
921 797 970 854 est
982 765 1109 876 pauper.
1231 828 1236 833 ·

811 928 878 990 XX.

409 1029 487 1091 (lum
501 1027 595 1096 facias
610 1047 717 1088 versuo
731 1026 817 1089 nulla
831 1048 895 1089 non
909 1026 979 1088 luce
995 1027 1159 1106 ducenos,

450 1113 550 1193 vare,
570 1113 647 1172 nihil
662 1114 786 1177 recitas.
816 1112 885 1172 Nou
901 1112 998 1193 sapio,
1020 1118 1114 1194 atque
1127 1110 1221 1194 sapiu.

803 1246 884 1308 XXI.

407 1347 608 1425 Phosphoro,
629 1343 728 1405 redde
743 1345 840 1410 diem:
864 1342 938 1425 quid
951 1341 1060 1423 gaudia
1073 1349 1180 1420 npstra
1194 1351 1323 1411 moraris

451 1431 585 1491 Caesare
599 1437 747 1509 venturo,
769 1430 969 1510 Phosphoro,
989 1428 1088 1489 redde
1104 1428 1196 1496 diem.

407 1514 503 1574 Roma
517 1520 614 1592 rogat.
644 1512 763 1574 Placidi
777 1514 925 1593 numquid
939 1520 971 1573 te
986 1515 1074 1594 pigra
1088 1514 1206 1577 Bootae

450 1597 592 1657 Plaustra
605 1599 736 1676 vehunt,
756 1597 844 1659 lento
860 1597 943 1678 quod
956 1599 1046 1657 nimis
1062 1617 1117 1658 axe
1131 1601 1243 1662 venie?

386 1680 531 1744 5Ledoeo
547 1687 671 1761 poteras
687 1682 841 1743 abducere
857 1681 1004 1761 Cyllaron
1018 1687 1118 1743 astro:

450 1767 520 1845 lpse
535 1786 590 1825 suo
607 1766 699 1827 cedet
712 1785 793 1827 nunc
808 1768 867 1827 tibi
883 1767 994 1827 Castor
1008 1785 1098 1845 equo.

409 1850 489 1926 Quid
507 1849 650 1929 cupidum
666 1850 779 1910 'l'ituna
792 1851 906 1911 tenes?
930 1851 992 1919 lam
1005 1850 1145 1912 Xanthus
1161 1856 1195 1911 et
1209 1851 1323 1913 Aethor

449 1935 553 1995 Frena
565 1933 689 2012 volunt,
710 1933 818 2014 vigilat
833 1935 1008 1996 Memnoni·
1023 1934 1100 1995 alma
1114 1954 1239 2016 parens.

409 2018 512 2079 'l'arda
526 2026 630 2078 tamen
644 2019 761 2079 nitidae
774 2039 838 2079 nou
853 2019 967 2079 cedunt
981 2019 1086 2080 uidero
1099 2018 1165 2081 luci

368 2115 402 2166 10
450 2105 491 2164 Et
509 2105 593 2183 cupit
608 2105 776 2164 Ausonium
790 2103 864 2164 luna
877 2104 984 2164 videre
999 2102 1118 2166 ducem.

407 2188 484 2264 lam,
505 2189 635 2266 Caesar,
657 2186 706 2248 vel
721 2195 813 2249 nocte
827 2190 913 2249 veni:
936 2194 1020 2249 stent
1034 2195 1118 2249 astro
1130 2187 1257 2267 licebit,
1278 2185 1281 2191 ’

449 2271 517 2331 Non
534 2271 636 2332 deerit
649 2271 765 2353 populo
781 2281 813 2333 te
828 2273 972 2333 veniente
988 2272 1064 2334 dieo.
1260 2276 1284 2313 ⁴

798 2406 891 2468 XXII.

409 2517 521 2577 Invitas
537 2516 574 2577 ad
589 2538 712 2598 aprum,
733 2521 823 2600 ponis
837 2520 928 2598 mihi,
948 2517 1084 2598 Gallice,
1106 2538 1246 2601 porcum.

449 2601 582 2664 llibrida
596 2622 679 2682 oum,
701 2604 728 2664 si
744 2603 813 2682 das,
835 2602 973 2685 Gallice,
993 2607 1087 2666 verbo
1100 2605 1186 2665 mihi.
1204 2680 1207 2685 1

793 2739 900 2799 XXlll.

406 2837 484 2896 Esse
498 2838 556 2897 tibi
570 2836 678 2898 videor
693 2857 800 2899 saevus
815 2840 1004 2919 nimiumque
1020 2837 1162 2917 gulosus,

449 2921 508 2997 Qui
523 2929 652 3003 propter
667 2942 788 3002 cenam,
809 2923 952 3003 Rustice,
976 2924 1070 2983 caedo
1087 2943 1205 2988 cocum.

407 3006 440 3066 Si
455 3004 533 3066 lovis
547 3006 607 3066 isto
621 3007 679 3067 tibi
693 3008 861 3086 flagrorum
876 3028 965 3069 causa
979 3008 1120 3087 videtur,

339 3116 341 3119 ¹
447 3092 494 3152 Ex
512 3110 571 3171 quo
585 3091 630 3152 vie
645 3111 735 3185 capsa
747 3091 874 3174 vapulet
888 3113 962 3174 ergo
979 3093 1095 3154 cocua‘t
1152 3133 1157 3142 ·

807 3228 919 3293 XXIV.

407 3323 438 3381 Si
458 3323 531 3401 quid
545 3325 630 3386 forte
641 3331 748 3406 petam
761 3324 869 3385 timido
883 3325 1053 3405 graciIIque
1067 3324 1197 3406 libello,

448 3408 590 3487 Improba
605 3429 667 3468 nou
684 3409 781 3469 fuerit
795 3411 822 3479 si
836 3428 904 3469 ineo
918 3411 1043 3489 charta,
1066 3409 1148 3474 doto.

406 3490 447 3549 Et
461 3493 487 3550 si
501 3511 563 3551 non
579 3491 720 3572 dederis,
744 3493 875 3572 caesar,
896 3495 1044 3573 permitte
1058 3497 1178 3575 rogari:

449 3574 620 3636 Offendunt
633 3596 788 3656 nunquam
802 3583 872 3641 tura
886 3597 1059 3658 precesque
1075 3579 1187 3644 Iovem.
1206 3638 1209 3643 .

384 3659 466 3734 sQui
480 3660 571 3737 lingit
584 3680 688 3721 saeros
703 3681 777 3721 auro
793 3660 843 3722 vel
858 3682 1011 3723 marmore
1024 3663 1142 3739 voltus,

441 3743 513 3804 Non
527 3744 605 3806 lacit
617 3744 673 3807 ille
688 3744 780 3807 rleoo:
800 3748 852 3827 qui
870 3754 974 3828 rogat,
995 3747 1050 3810 ille
1065 3748 1149 3812 lacit.
