3267 4409
473 432 815 500 EPIGRAMMATON
827 434 902 498 LlB.
918 432 999 501 xiv.
1196 433 1259 500 335

369 621 371 625 ’
496 640 662 722 cxxxiv.
683 636 799 702 nesea
808 643 989 722 pectorale.

300 720 413 804 Fascia
427 747 606 801 crescentes
623 738 765 800 dominae
781 758 945 821 compesce
958 738 1107 824 papillas,

342 828 387 889 Ut
401 827 442 887 sit
459 824 543 907 quod
557 826 657 906 capiat
671 829 779 885 nostra
791 830 939 906 tegatque
953 847 1067 889 manus.

563 959 715 1023 CXXXV.
738 958 916 1022 Cenatoria.

299 1062 366 1124 Nec
380 1062 449 1122 fera
465 1066 537 1121 sunt
550 1063 657 1138 nobis,
677 1079 737 1120 nec
753 1066 826 1121 sunt
840 1060 1012 1125 vadimonia
1024 1068 1113 1124 notat

342 1148 411 1209 Hoc
426 1166 502 1229 opus
517 1153 582 1226 cst,
600 1148 693 1226 pictis
708 1146 887 1207 accubuisse
901 1148 989 1208 toris.

583 1280 747 1344 cxxxvi.
770 1278 892 1342 Lnena.

301 1370 459 1462 Tempore
473 1377 606 1441 brumali
620 1400 683 1440 non
698 1378 825 1464 multum
839 1378 921 1442 levia
934 1391 1081 1464 prosunt:

343 1467 518 1531 Calfaciunt
531 1464 598 1526 villi
611 1464 706 1546 pallia
719 1472 824 1527 vestra
835 1466 907 1526 mei.
931 1505 934 1510 ·

496 1599 674 1664 cxxxvii.
695 1601 859 1664 Lacernae
872 1600 974 1664 albae.

300 1701 558 1780 Amphitheatrali
574 1719 631 1760 nos
646 1698 893 1761 commendamus
908 1701 1033 1780 abusu,

343 1787 421 1847 Cum
434 1793 522 1866 teget
536 1785 676 1864 algentes
691 1785 760 1861 alba
772 1784 900 1846 lacerna
912 1791 1011 1866 tagus.
1038 1840 1042 1858 ι
1058 1828 1063 1849 ι

486 1895 489 1900 ’
553 1921 745 1983 cxxxvni.
770 1920 921 1981 Martae.
972 1948 974 1953 ·

300 2015 442 2079 Nobilius
456 2017 565 2101 villosa
579 2026 688 2097 tegant
702 2019 761 2079 tibi
774 2018 873 2079 lintea
888 2018 1016 2079 citrum:

343 2103 478 2165 Orbibus
493 2105 526 2164 in
541 2105 658 2164 nostris
673 2097 808 2164 circulus
824 2120 894 2163 esse
907 2109 1023 2184 potest.

492 2237 653 2300 CXXXIX.
681 2237 809 2300 Cuculli
820 2237 987 2300 Liburnici.

298 2339 429 2418 Iungere
443 2339 572 2401 nescisti
586 2339 692 2418 nobis,
715 2359 732 2400 o
746 2336 859 2417 stulte,
881 2336 1045 2409 lacernas:
1127 2341 1167 2388 *r-

341 2423 488 2487 lnducras
503 2423 604 2504 albas,
626 2442 704 2484 exue
720 2424 874 2486 callainas.

553 2559 643 2621 CXL.
671 2557 794 2622 Udones
810 2546 919 2622 Cilicii.

301 2658 369 2720 Non
383 2659 442 2719 hos
455 2656 527 2718 lana
542 2658 649 2737 dedit,
670 2658 727 2719 sed
744 2659 859 2720 clentis
873 2661 970 2722 barba
987 2659 1107 2722 mariti:

343 2744 497 2824 Cinyphio
512 2750 638 2825 poterat
650 2744 756 2825 planta
769 2743 872 2807 latere
887 2747 968 2806 sinn.

587 2877 689 2939 CXLI.
711 2877 885 2959 Synthesis.

299 2978 378 3041 Dum
393 2983 464 3058 toga
477 2997 536 3059 per
552 2981 660 3058 quinas
673 2977 787 3057 gaudet
800 2979 1003 3059 requiescere
1016 2977 1122 3060 luces,

341 3065 541 3146 Hespoteris
555 3064 654 3124 cultus
670 3081 792 3124 sumere
806 3064 877 3124 iure
889 3069 953 3126 tuo.

600 3198 719 3274 CXLll.
741 3197 869 3260 Focale.

300 3301 333 3361 Si
348 3301 534 3362 recitaturus
551 3300 669 3362 dedero
685 3301 743 3362 tibi
757 3301 842 3361 forte
856 3272 1012 3378 libellum,
1099 3379 1101 3385 Ι
1232 3370 1234 3374 y
1355 3345 1358 3350 .

340 3387 409 3447 Hoc
422 3385 524 3447 focale
536 3393 605 3447 tuas
621 3392 740 3447 asserat
753 3383 915 3446 auriculas.

493 3521 624 3583 CXLlll.
651 3522 789 3585 llenieae
802 3519 997 3582 Petem'nue.¹
1019 3552 1021 3557 ·

299 3620 430 3686 Vellera
444 3628 627 3685 consumunt
642 3622 807 3696 Patavinae
822 3620 918 3683 multa
932 3618 1070 3702 trilices,
1171 3619 1173 3623 ’
1192 3690 1197 3697 ,

340 3709 382 3772 Et
394 3709 526 3791 pingues
540 3710 660 3775 tunicas
674 3727 763 3770 serra
779 3725 887 3769 secare
899 3710 1013 3789 potest.
