<?xml version="1.0" encoding="UTF-8"?>
<!DOCTYPE html PUBLIC "-//W3C//DTD XHTML 1.0 Transitional//EN"
    "http://www.w3.org/TR/xhtml1/DTD/xhtml1-transitional.dtd">
<html xmlns="http://www.w3.org/1999/xhtml" xml:lang="en" lang="en">
 <head>
  <title>
</title>
<meta http-equiv="Content-Type" content="text/html;charset=utf-8" />
  <meta name='ocr-system' content='tesseract 3.04.00' />
  <meta name='ocr-capabilities' content='ocr_page ocr_carea ocr_par ocr_line ocrx_word'/>
</head>
<body>
  <div class='ocr_page' id='page_1' title='image "./mvalmartialisep00martgoog_0177.png"; bbox 0 0 3267 4409; ppageno 0'>
   <div class='ocr_carea' id='block_1_1' title="bbox 497 435 1393 524">
    <p class='ocr_par' dir='ltr' id='par_1_1' title="bbox 497 435 1393 524">
     <span class='ocr_line' id='line_1_1' title="bbox 497 435 1393 524; baseline 0.019 -14"><span class='ocrx_word' id='word_1_1' title='bbox 497 449 924 517; x_wconf 76' lang='lat' dir='ltr'><strong>urrunnunauonnn.</strong></span> <span class='ocrx_word' id='word_1_2' title='bbox 939 457 991 519; x_wconf 82' lang='lat' dir='ltr'><strong>vr.</strong></span> <span class='ocrx_word' id='word_1_3' title='bbox 1205 460 1266 524; x_wconf 76' lang='lat'><strong>143</strong></span> <span class='ocrx_word' id='word_1_4' title='bbox 1390 435 1393 439; x_wconf 65' lang='grc'>’</span> 
     </span>
    </p>
   </div>
   <div class='ocr_carea' id='block_1_2' title="bbox 284 591 1265 1028">
    <p class='ocr_par' dir='ltr' id='par_1_2' title="bbox 308 591 1265 856">
     <span class='ocr_line' id='line_1_2' title="bbox 308 591 1265 749; baseline 0.011 -82"><span class='ocrx_word' id='word_1_5' title='bbox 308 603 399 695; x_wconf 87' lang='lat' dir='ltr'><strong>„Sed</strong></span> <span class='ocrx_word' id='word_1_6' title='bbox 406 611 508 667; x_wconf 89' lang='lat' dir='ltr'><strong>tamen</strong></span> <span class='ocrx_word' id='word_1_7' title='bbox 519 607 579 665; x_wconf 87' lang='lat' dir='ltr'><strong>hoe</strong></span> <span class='ocrx_word' id='word_1_8' title='bbox 590 606 715 749; x_wconf 70' lang='lat' dir='ltr'><strong>lopgum</strong></span> <span class='ocrx_word' id='word_1_9' title='bbox 727 607 806 667; x_wconf 89' lang='lat' dir='ltr'><strong>est.“</strong></span> <span class='ocrx_word' id='word_1_10' title='bbox 824 591 916 669; x_wconf 54' lang='lat' dir='ltr'><strong>&#39;Solet</strong></span> <span class='ocrx_word' id='word_1_11' title='bbox 927 611 986 670; x_wconf 88' lang='lat' dir='ltr'><strong>hoe</strong></span> <span class='ocrx_word' id='word_1_12' title='bbox 1001 632 1133 694; x_wconf 85' lang='lat' dir='ltr'><strong>qunque,</strong></span> <span class='ocrx_word' id='word_1_13' title='bbox 1152 615 1265 696; x_wconf 84' lang='lat' dir='ltr'><strong>Tucca,</strong></span> 
     </span>
     <span class='ocr_line' id='line_1_3' title="bbox 352 697 1029 856; baseline 0.006 -22"><span class='ocrx_word' id='word_1_14' title='bbox 352 775 385 834; x_wconf 88' lang='lat' dir='ltr'><strong>Si</strong></span> <span class='ocrx_word' id='word_1_15' title='bbox 401 774 545 834; x_wconf 88' lang='lat' dir='ltr'><strong>breviora</strong></span> <span class='ocrx_word' id='word_1_16' title='bbox 558 697 843 854; x_wconf 55' lang='lat' dir='ltr'><strong>pwbpgetquticha</strong></span> <span class='ocrx_word' id='word_1_17' title='bbox 858 776 923 837; x_wconf 89' lang='lat' dir='ltr'><strong>sola</strong></span> <span class='ocrx_word' id='word_1_18' title='bbox 935 776 1029 856; x_wconf 85' lang='lat' dir='ltr'><strong>legas.</strong></span> 
     </span>
    </p>

    <p class='ocr_par' dir='ltr' id='par_1_3' title="bbox 284 859 1062 1028">
     <span class='ocr_line' id='line_1_4' title="bbox 284 859 1059 942; baseline 0.003 -22"><span class='ocrx_word' id='word_1_19' title='bbox 284 859 481 920; x_wconf 64' lang='lat' dir='ltr'><strong>econveniat</strong></span> <span class='ocrx_word' id='word_1_20' title='bbox 494 860 603 935; x_wconf 85' lang='lat' dir='ltr'><strong>nobis,</strong></span> <span class='ocrx_word' id='word_1_21' title='bbox 626 865 661 918; x_wconf 91' lang='lat' dir='ltr'><strong>ut</strong></span> <span class='ocrx_word' id='word_1_22' title='bbox 674 860 719 919; x_wconf 86' lang='lat' dir='ltr'><strong>fas</strong></span> <span class='ocrx_word' id='word_1_23' title='bbox 735 861 953 940; x_wconf 81' lang='lat' dir='ltr'><strong>epigrammata</strong></span> <span class='ocrx_word' id='word_1_24' title='bbox 966 861 1059 942; x_wconf 84' lang='lat' dir='ltr'><strong>longa</strong></span> 
     </span>
     <span class='ocr_line' id='line_1_5' title="bbox 351 944 1062 1028; baseline 0.008 -25"><span class='ocrx_word' id='word_1_25' title='bbox 351 944 404 1024; x_wconf 47' lang='lat' dir='ltr'><strong>Sitx</strong></span> <span class='ocrx_word' id='word_1_26' title='bbox 413 945 546 1003; x_wconf 89' lang='lat' dir='ltr'><strong>transire</strong></span> <span class='ocrx_word' id='word_1_27' title='bbox 561 944 637 1021; x_wconf 86' lang='lat' dir='ltr'><strong>tibi,</strong></span> <span class='ocrx_word' id='word_1_28' title='bbox 659 945 814 1023; x_wconf 81' lang='lat' dir='ltr'><strong>scribere,</strong></span> <span class='ocrx_word' id='word_1_29' title='bbox 838 945 958 1028; x_wconf 85' lang='lat' dir='ltr'><strong>Tucca,</strong></span> <span class='ocrx_word' id='word_1_30' title='bbox 978 948 1062 1010; x_wconf 90' lang='lat' dir='ltr'><strong>mihi.</strong></span> 
     </span>
    </p>
   </div>
   <div class='ocr_carea' id='block_1_3' title="bbox 693 1077 801 1141">
    <p class='ocr_par' dir='ltr' id='par_1_4' title="bbox 693 1077 801 1141">
     <span class='ocr_line' id='line_1_6' title="bbox 693 1077 801 1141; baseline 0.009 -4"><span class='ocrx_word' id='word_1_31' title='bbox 693 1077 801 1141; x_wconf 84' lang='lat' dir='ltr'>LXVI.</span> 
     </span>
    </p>
   </div>
   <div class='ocr_carea' id='block_1_4' title="bbox 258 1194 946 1951">
    <p class='ocr_par' dir='ltr' id='par_1_5' title="bbox 258 1194 946 1951">
     <span class='ocr_line' id='line_1_7' title="bbox 306 1194 925 1276; baseline 0.003 -20"><span class='ocrx_word' id='word_1_32' title='bbox 306 1196 420 1256; x_wconf 70' lang='lat' dir='ltr'><strong>Fama‘e</strong></span> <span class='ocrx_word' id='word_1_33' title='bbox 440 1216 502 1256; x_wconf 88' lang='lat' dir='ltr'><strong>nun</strong></span> <span class='ocrx_word' id='word_1_34' title='bbox 515 1198 756 1270; x_wconf 30' lang='lat' dir='ltr'><strong>uiminmpbonae</strong></span> <span class='ocrx_word' id='word_1_35' title='bbox 772 1194 925 1276; x_wconf 81' lang='lat' dir='ltr'><strong>puellam,</strong></span> 
     </span>
     <span class='ocr_line' id='line_1_8' title="bbox 258 1280 862 1360; baseline 0.002 -21"><span class='ocrx_word' id='word_1_36' title='bbox 258 1344 263 1346; x_wconf 58' lang='grc'>,</span> <span class='ocrx_word' id='word_1_37' title='bbox 308 1281 421 1356; x_wconf 80' lang='lat' dir='ltr'>Quales</span> <span class='ocrx_word' id='word_1_38' title='bbox 438 1284 470 1340; x_wconf 95' lang='lat' dir='ltr'><strong>in</strong></span> <span class='ocrx_word' id='word_1_39' title='bbox 484 1282 585 1341; x_wconf 90' lang='lat' dir='ltr'><strong>media</strong></span> <span class='ocrx_word' id='word_1_40' title='bbox 600 1280 711 1340; x_wconf 86' lang='lat' dir='ltr'><strong>sedent</strong></span> <span class='ocrx_word' id='word_1_41' title='bbox 725 1281 862 1360; x_wconf 86' lang='lat' dir='ltr'><strong>Subura,</strong></span> 
     </span>
     <span class='ocr_line' id='line_1_9' title="bbox 306 1365 893 1445; baseline -0.002 -19"><span class='ocrx_word' id='word_1_42' title='bbox 306 1365 473 1426; x_wconf 75' lang='lat' dir='ltr'><strong>Vendebat</strong></span> <span class='ocrx_word' id='word_1_43' title='bbox 489 1365 579 1425; x_wconf 90' lang='lat' dir='ltr'><strong>modo</strong></span> <span class='ocrx_word' id='word_1_44' title='bbox 594 1384 707 1445; x_wconf 85' lang='lat' dir='ltr'><strong>praeeo</strong></span> <span class='ocrx_word' id='word_1_45' title='bbox 722 1365 893 1425; x_wconf 84' lang='lat' dir='ltr'><strong>Gellianus.</strong></span> 
     </span>
     <span class='ocr_line' id='line_1_10' title="bbox 307 1449 836 1531; baseline 0.004 -23"><span class='ocrx_word' id='word_1_46' title='bbox 307 1449 405 1509; x_wconf 86' lang='lat' dir='ltr'><strong>Parvo</strong></span> <span class='ocrx_word' id='word_1_47' title='bbox 422 1471 489 1509; x_wconf 90' lang='lat' dir='ltr'><strong>eum</strong></span> <span class='ocrx_word' id='word_1_48' title='bbox 502 1451 605 1531; x_wconf 86' lang='lat' dir='ltr'><strong>pretia</strong></span> <span class='ocrx_word' id='word_1_49' title='bbox 621 1449 672 1508; x_wconf 92' lang='lat' dir='ltr'><strong>diu</strong></span> <span class='ocrx_word' id='word_1_50' title='bbox 686 1449 836 1527; x_wconf 80' lang='lat' dir='ltr'><strong>licerent,</strong></span> 
     </span>
     <span class='ocr_line' id='line_1_11' title="bbox 283 1533 946 1615; baseline 0.002 -20"><span class='ocrx_word' id='word_1_51' title='bbox 283 1533 385 1595; x_wconf 74' lang='lat' dir='ltr'><strong>ultum</strong></span> <span class='ocrx_word' id='word_1_52' title='bbox 401 1555 509 1614; x_wconf 89' lang='lat' dir='ltr'><strong>puram</strong></span> <span class='ocrx_word' id='word_1_53' title='bbox 523 1535 608 1614; x_wconf 88' lang='lat' dir='ltr'><strong>cupit</strong></span> <span class='ocrx_word' id='word_1_54' title='bbox 623 1536 795 1614; x_wconf 88' lang='lat' dir='ltr'><strong>approbare</strong></span> <span class='ocrx_word' id='word_1_55' title='bbox 810 1535 946 1615; x_wconf 83' lang='lat' dir='ltr'><strong>cunctis,</strong></span> 
     </span>
     <span class='ocr_line' id='line_1_12' title="bbox 307 1618 889 1699; baseline 0.003 -22"><span class='ocrx_word' id='word_1_56' title='bbox 307 1618 444 1678; x_wconf 80' lang='lat' dir='ltr'><strong>AttraxIt</strong></span> <span class='ocrx_word' id='word_1_57' title='bbox 458 1638 556 1699; x_wconf 84' lang='lat' dir='ltr'><strong>prope</strong></span> <span class='ocrx_word' id='word_1_58' title='bbox 572 1637 605 1678; x_wconf 87' lang='lat' dir='ltr'><strong>se</strong></span> <span class='ocrx_word' id='word_1_59' title='bbox 618 1633 710 1677; x_wconf 86' lang='lat' dir='ltr'><strong>manu</strong></span> <span class='ocrx_word' id='word_1_60' title='bbox 724 1624 889 1696; x_wconf 84' lang='lat' dir='ltr'><strong>negantem</strong></span> 
     </span>
     <span class='ocr_line' id='line_1_13' title="bbox 305 1702 875 1783; baseline 0.005 -22"><span class='ocrx_word' id='word_1_61' title='bbox 305 1702 347 1761; x_wconf 84' lang='lat' dir='ltr'><strong>Et</strong></span> <span class='ocrx_word' id='word_1_62' title='bbox 361 1704 408 1761; x_wconf 93' lang='lat' dir='ltr'><strong>bis</strong></span> <span class='ocrx_word' id='word_1_63' title='bbox 426 1709 538 1783; x_wconf 85' lang='lat' dir='ltr'><strong>terque</strong></span> <span class='ocrx_word' id='word_1_64' title='bbox 553 1710 723 1782; x_wconf 85' lang='lat' dir='ltr'><strong>quaterque</strong></span> <span class='ocrx_word' id='word_1_65' title='bbox 738 1704 875 1766; x_wconf 87' lang='lat' dir='ltr'><strong>basiavit.</strong></span> 
     </span>
     <span class='ocr_line' id='line_1_14' title="bbox 308 1785 889 1868; baseline 0.002 -23"><span class='ocrx_word' id='word_1_66' title='bbox 308 1785 389 1861; x_wconf 81' lang='lat' dir='ltr'><strong>Quid</strong></span> <span class='ocrx_word' id='word_1_67' title='bbox 403 1789 575 1866; x_wconf 85' lang='lat' dir='ltr'><strong>profecerit</strong></span> <span class='ocrx_word' id='word_1_68' title='bbox 587 1788 709 1864; x_wconf 87' lang='lat' dir='ltr'><strong>osculo,</strong></span> <span class='ocrx_word' id='word_1_69' title='bbox 731 1788 889 1868; x_wconf 59' lang='lat' dir='ltr'><strong>requiris?</strong></span> 
     </span>
     <span class='ocr_line' id='line_1_15' title="bbox 309 1871 927 1951; baseline 0.011 -21"><span class='ocrx_word' id='word_1_70' title='bbox 309 1871 475 1932; x_wconf 86' lang='lat' dir='ltr'><strong>Sescentos</strong></span> <span class='ocrx_word' id='word_1_71' title='bbox 490 1871 581 1932; x_wconf 88' lang='lat' dir='ltr'><strong>modo</strong></span> <span class='ocrx_word' id='word_1_72' title='bbox 597 1874 649 1950; x_wconf 94' lang='lat' dir='ltr'><strong>qni</strong></span> <span class='ocrx_word' id='word_1_73' title='bbox 664 1871 771 1950; x_wconf 86' lang='lat' dir='ltr'><strong>dabat,</strong></span> <span class='ocrx_word' id='word_1_74' title='bbox 793 1873 927 1951; x_wconf 83' lang='lat' dir='ltr'><strong>negavit.</strong></span> 
     </span>
    </p>
   </div>
   <div class='ocr_carea' id='block_1_5' title="bbox 309 2007 1165 2198">
    <p class='ocr_par' dir='ltr' id='par_1_6' title="bbox 309 2007 1165 2198">
     <span class='ocr_line' id='line_1_16' title="bbox 682 2007 921 2069; baseline 0 -3"><span class='ocrx_word' id='word_1_75' title='bbox 682 2007 802 2069; x_wconf 84' lang='lat' dir='ltr'><strong>LXVII.</strong></span> <span class='ocrx_word' id='word_1_76' title='bbox 915 2036 921 2042; x_wconf 34' lang='lat'>⁸</span> 
     </span>
     <span class='ocr_line' id='line_1_17' title="bbox 309 2086 1165 2198; baseline -0.002 -19"><span class='ocrx_word' id='word_1_77' title='bbox 309 2119 372 2179; x_wconf 79' lang='lat' dir='ltr'><strong>Cur</strong></span> <span class='ocrx_word' id='word_1_78' title='bbox 385 2125 504 2180; x_wconf 90' lang='lat' dir='ltr'><strong>tantum</strong></span> <span class='ocrx_word' id='word_1_79' title='bbox 516 2121 672 2193; x_wconf 81' lang='lat' dir='ltr'><strong>eunuchos</strong></span> <span class='ocrx_word' id='word_1_80' title='bbox 687 2120 800 2177; x_wconf 91' lang='lat' dir='ltr'><strong>habeat</strong></span> <span class='ocrx_word' id='word_1_81' title='bbox 815 2123 866 2177; x_wconf 89' lang='lat' dir='ltr'><strong>tua</strong></span> <span class='ocrx_word' id='word_1_82' title='bbox 882 2086 1003 2194; x_wconf 74' lang='lat' dir='ltr'><strong>llaelia,</strong></span> <span class='ocrx_word' id='word_1_83' title='bbox 1026 2118 1165 2198; x_wconf 86' lang='lat' dir='ltr'><strong>quaeris,</strong></span> 
     </span>
    </p>
   </div>
   <div class='ocr_carea' id='block_1_6' title="bbox 350 2201 1127 2287">
    <p class='ocr_par' dir='ltr' id='par_1_7' title="bbox 350 2201 1127 2287">
     <span class='ocr_line' id='line_1_18' title="bbox 350 2201 1127 2287; baseline -0.004 -24"><span class='ocrx_word' id='word_1_84' title='bbox 350 2204 540 2283; x_wconf 76' lang='lat' dir='ltr'><strong>Pannyche?</strong></span> <span class='ocrx_word' id='word_1_85' title='bbox 561 2202 628 2263; x_wconf 83' lang='lat' dir='ltr'><strong>vult</strong></span> <span class='ocrx_word' id='word_1_86' title='bbox 642 2204 722 2262; x_wconf 86' lang='lat' dir='ltr'><strong>futui</strong></span> <span class='ocrx_word' id='word_1_87' title='bbox 737 2201 862 2281; x_wconf 83' lang='lat' dir='ltr'><strong>Caelia,</strong></span> <span class='ocrx_word' id='word_1_88' title='bbox 883 2220 942 2261; x_wconf 89' lang='lat' dir='ltr'><strong>uec</strong></span> <span class='ocrx_word' id='word_1_89' title='bbox 955 2219 1077 2283; x_wconf 87' lang='lat' dir='ltr'><strong>parere.</strong></span> <span class='ocrx_word' id='word_1_90' title='bbox 1121 2269 1127 2287; x_wconf 48' lang='grc' dir='ltr'><em>Ι</em></span> 
     </span>
    </p>
   </div>
   <div class='ocr_carea' id='block_1_7' title="bbox 677 2337 810 2402">
    <p class='ocr_par' dir='ltr' id='par_1_8' title="bbox 677 2337 810 2402">
     <span class='ocr_line' id='line_1_19' title="bbox 677 2337 810 2402; baseline 0.045 -5"><span class='ocrx_word' id='word_1_91' title='bbox 677 2337 810 2402; x_wconf 84' lang='lat' dir='ltr'><strong>LXVIII.</strong></span> 
     </span>
    </p>
   </div>
   <div class='ocr_carea' id='block_1_8' title="bbox 267 2450 1268 3460">
    <p class='ocr_par' dir='ltr' id='par_1_9' title="bbox 267 2450 1268 3460">
     <span class='ocr_line' id='line_1_20' title="bbox 305 2450 1085 2530; baseline 0 -20"><span class='ocrx_word' id='word_1_92' title='bbox 305 2450 398 2510; x_wconf 86' lang='lat' dir='ltr'><strong>Flete</strong></span> <span class='ocrx_word' id='word_1_93' title='bbox 413 2451 500 2509; x_wconf 87' lang='lat' dir='ltr'><strong>nefas</strong></span> <span class='ocrx_word' id='word_1_94' title='bbox 516 2457 668 2528; x_wconf 75' lang='lat' dir='ltr'><strong>uestrum,</strong></span> <span class='ocrx_word' id='word_1_95' title='bbox 691 2451 746 2511; x_wconf 90' lang='lat' dir='ltr'><strong>sed</strong></span> <span class='ocrx_word' id='word_1_96' title='bbox 762 2458 828 2512; x_wconf 89' lang='lat' dir='ltr'><strong>toto</strong></span> <span class='ocrx_word' id='word_1_97' title='bbox 843 2453 919 2512; x_wconf 87' lang='lat' dir='ltr'><strong>flete</strong></span> <span class='ocrx_word' id='word_1_98' title='bbox 932 2450 1085 2530; x_wconf 87' lang='lat' dir='ltr'><strong>Lucrino,</strong></span> 
     </span>
     <span class='ocr_line' id='line_1_21' title="bbox 349 2532 997 2617; baseline 0.002 -22"><span class='ocrx_word' id='word_1_99' title='bbox 349 2532 480 2614; x_wconf 84' lang='lat' dir='ltr'><strong>Naides,</strong></span> <span class='ocrx_word' id='word_1_100' title='bbox 503 2544 535 2595; x_wconf 89' lang='lat' dir='ltr'><strong>et</strong></span> <span class='ocrx_word' id='word_1_101' title='bbox 548 2534 650 2596; x_wconf 86' lang='lat' dir='ltr'><strong>luctus</strong></span> <span class='ocrx_word' id='word_1_102' title='bbox 666 2537 780 2596; x_wconf 88' lang='lat' dir='ltr'><strong>sentiat</strong></span> <span class='ocrx_word' id='word_1_103' title='bbox 793 2538 861 2617; x_wconf 90' lang='lat' dir='ltr'><strong>ipsa</strong></span> <span class='ocrx_word' id='word_1_104' title='bbox 876 2536 997 2596; x_wconf 83' lang='lat' dir='ltr'><strong>Thetis.</strong></span> 
     </span>
     <span class='ocr_line' id='line_1_22' title="bbox 306 2619 993 2701; baseline 0.004 -22"><span class='ocrx_word' id='word_1_105' title='bbox 306 2619 393 2679; x_wconf 89' lang='lat' dir='ltr'><strong>Inter</strong></span> <span class='ocrx_word' id='word_1_106' title='bbox 407 2620 535 2680; x_wconf 87' lang='lat' dir='ltr'><strong>Baianas</strong></span> <span class='ocrx_word' id='word_1_107' title='bbox 550 2627 656 2701; x_wconf 91' lang='lat' dir='ltr'><strong>raptus</strong></span> <span class='ocrx_word' id='word_1_108' title='bbox 672 2640 752 2700; x_wconf 90' lang='lat' dir='ltr'><strong>puer</strong></span> <span class='ocrx_word' id='word_1_109' title='bbox 766 2621 882 2682; x_wconf 83' lang='lat' dir='ltr'><strong>occidit</strong></span> <span class='ocrx_word' id='word_1_110' title='bbox 895 2619 993 2682; x_wconf 87' lang='lat' dir='ltr'><strong>undas</strong></span> 
     </span>
     <span class='ocr_line' id='line_1_23' title="bbox 347 2703 1114 2785; baseline 0.003 -21"><span class='ocrx_word' id='word_1_111' title='bbox 347 2704 507 2783; x_wconf 82' lang='lat' dir='ltr'><strong>Eutychus</strong></span> <span class='ocrx_word' id='word_1_112' title='bbox 522 2704 594 2783; x_wconf 88' lang='lat' dir='ltr'><strong>ille,</strong></span> <span class='ocrx_word' id='word_1_113' title='bbox 615 2711 718 2784; x_wconf 83' lang='lat' dir='ltr'><strong>tuum,</strong></span> <span class='ocrx_word' id='word_1_114' title='bbox 741 2706 897 2785; x_wconf 71' lang='lat' dir='ltr'><strong>Uestales,</strong></span> <span class='ocrx_word' id='word_1_115' title='bbox 918 2704 1010 2765; x_wconf 88' lang='lat' dir='ltr'><strong>dulce</strong></span> <span class='ocrx_word' id='word_1_116' title='bbox 1024 2703 1114 2766; x_wconf 86' lang='lat' dir='ltr'><strong>latus.</strong></span> 
     </span>
     <span class='ocr_line' id='line_1_24' title="bbox 286 2787 1110 2869; baseline -0.001 -21"><span class='ocrx_word' id='word_1_117' title='bbox 286 2787 368 2848; x_wconf 69' lang='lat' dir='ltr'><strong>§Hic</strong></span> <span class='ocrx_word' id='word_1_118' title='bbox 383 2789 442 2848; x_wconf 87' lang='lat' dir='ltr'><strong>tibi</strong></span> <span class='ocrx_word' id='word_1_119' title='bbox 457 2808 597 2848; x_wconf 86' lang='lat' dir='ltr'><strong>curarum</strong></span> <span class='ocrx_word' id='word_1_120' title='bbox 613 2791 714 2849; x_wconf 87' lang='lat' dir='ltr'><strong>socius</strong></span> <span class='ocrx_word' id='word_1_121' title='bbox 729 2788 938 2869; x_wconf 89' lang='lat' dir='ltr'><strong>blandumque</strong></span> <span class='ocrx_word' id='word_1_122' title='bbox 951 2788 1110 2865; x_wconf 89' lang='lat' dir='ltr'><strong>levamen,</strong></span> 
     </span>
     <span class='ocr_line' id='line_1_25' title="bbox 347 2872 1012 2951; baseline 0.008 -20"><span class='ocrx_word' id='word_1_123' title='bbox 347 2872 408 2932; x_wconf 88' lang='lat' dir='ltr'><strong>Hic</strong></span> <span class='ocrx_word' id='word_1_124' title='bbox 423 2893 524 2951; x_wconf 84' lang='lat' dir='ltr'><strong>amor,</strong></span> <span class='ocrx_word' id='word_1_125' title='bbox 543 2874 593 2934; x_wconf 85' lang='lat' dir='ltr'><strong>hic</strong></span> <span class='ocrx_word' id='word_1_126' title='bbox 608 2875 709 2934; x_wconf 89' lang='lat' dir='ltr'><strong>nostri</strong></span> <span class='ocrx_word' id='word_1_127' title='bbox 722 2875 799 2934; x_wconf 89' lang='lat' dir='ltr'><strong>vatis</strong></span> <span class='ocrx_word' id='word_1_128' title='bbox 813 2874 919 2935; x_wconf 83' lang='lat' dir='ltr'><strong>Alexis</strong></span> <span class='ocrx_word' id='word_1_129' title='bbox 935 2879 1012 2936; x_wconf 88' lang='lat' dir='ltr'><strong>erat.</strong></span> 
     </span>
     <span class='ocr_line' id='line_1_26' title="bbox 304 2955 1061 3035; baseline 0.001 -20"><span class='ocrx_word' id='word_1_130' title='bbox 304 2955 460 3035; x_wconf 90' lang='lat' dir='ltr'><strong>Numquid</strong></span> <span class='ocrx_word' id='word_1_131' title='bbox 475 2966 507 3017; x_wconf 90' lang='lat' dir='ltr'><strong>te</strong></span> <span class='ocrx_word' id='word_1_132' title='bbox 521 2959 628 3017; x_wconf 87' lang='lat' dir='ltr'><strong>vitreis</strong></span> <span class='ocrx_word' id='word_1_133' title='bbox 643 2957 757 3017; x_wconf 91' lang='lat' dir='ltr'><strong>nudum</strong></span> <span class='ocrx_word' id='word_1_134' title='bbox 770 2957 883 3018; x_wconf 87' lang='lat' dir='ltr'><strong>lasciva</strong></span> <span class='ocrx_word' id='word_1_135' title='bbox 898 2959 954 3018; x_wconf 91' lang='lat' dir='ltr'><strong>sub</strong></span> <span class='ocrx_word' id='word_1_136' title='bbox 971 2956 1061 3016; x_wconf 88' lang='lat' dir='ltr'><strong>undis</strong></span> 
     </span>
     <span class='ocr_line' id='line_1_27' title="bbox 349 3040 1052 3121; baseline -0.006 -18"><span class='ocrx_word' id='word_1_137' title='bbox 349 3042 438 3103; x_wconf 88' lang='lat' dir='ltr'><strong>Vidit</strong></span> <span class='ocrx_word' id='word_1_138' title='bbox 451 3049 484 3101; x_wconf 88' lang='lat' dir='ltr'><strong>et</strong></span> <span class='ocrx_word' id='word_1_139' title='bbox 500 3041 629 3102; x_wconf 86' lang='lat' dir='ltr'><strong>Alcidae</strong></span> <span class='ocrx_word' id='word_1_140' title='bbox 644 3043 778 3121; x_wconf 84' lang='lat' dir='ltr'><strong>nympha</strong></span> <span class='ocrx_word' id='word_1_141' title='bbox 792 3043 913 3109; x_wconf 86' lang='lat' dir='ltr'><strong>remisIt</strong></span> <span class='ocrx_word' id='word_1_142' title='bbox 927 3040 1052 3121; x_wconf 71' lang='lat' dir='ltr'><strong>Hylan?</strong></span> 
     </span>
     <span class='ocr_line' id='line_1_28' title="bbox 305 3123 1136 3207; baseline -0.002 -23"><span class='ocrx_word' id='word_1_143' title='bbox 305 3126 355 3184; x_wconf 81' lang='lat' dir='ltr'><strong>An</strong></span> <span class='ocrx_word' id='word_1_144' title='bbox 370 3124 429 3185; x_wconf 89' lang='lat' dir='ltr'><strong>dea</strong></span> <span class='ocrx_word' id='word_1_145' title='bbox 442 3126 609 3186; x_wconf 85' lang='lat' dir='ltr'><strong>femineum</strong></span> <span class='ocrx_word' id='word_1_146' title='bbox 623 3128 683 3186; x_wconf 91' lang='lat' dir='ltr'><strong>iam</strong></span> <span class='ocrx_word' id='word_1_147' title='bbox 697 3125 827 3204; x_wconf 78' lang='lat' dir='ltr'><strong>negIIgit</strong></span> <span class='ocrx_word' id='word_1_148' title='bbox 840 3123 1136 3207; x_wconf 86' lang='lat' dir='ltr'><strong>HermaphrodItum</strong></span> 
     </span>
     <span class='ocr_line' id='line_1_29' title="bbox 267 3208 1192 3290; baseline -0.001 -21"><span class='ocrx_word' id='word_1_149' title='bbox 267 3219 300 3271; x_wconf 87' lang='lat'><strong>10</strong></span> <span class='ocrx_word' id='word_1_150' title='bbox 347 3208 500 3290; x_wconf 81' lang='lat' dir='ltr'><strong>Amplexu</strong></span> <span class='ocrx_word' id='word_1_151' title='bbox 514 3213 617 3271; x_wconf 83' lang='lat' dir='ltr'><strong>teneri</strong></span> <span class='ocrx_word' id='word_1_152' title='bbox 634 3209 801 3272; x_wconf 80' lang='lat' dir='ltr'><strong>sollicitata</strong></span> <span class='ocrx_word' id='word_1_153' title='bbox 814 3210 896 3272; x_wconf 73' lang='lat' dir='ltr'><strong>viri?</strong></span> <span class='ocrx_word' id='word_1_154' title='bbox 1004 3249 1007 3255; x_wconf 87' lang='lat'><em>-</em></span> <span class='ocrx_word' id='word_1_155' title='bbox 1188 3214 1192 3225; x_wconf 83' lang='lat'>‘</span> 
     </span>
     <span class='ocr_line' id='line_1_30' title="bbox 306 3291 1262 3375; baseline -0.001 -23"><span class='ocrx_word' id='word_1_156' title='bbox 306 3293 465 3374; x_wconf 78' lang='lat' dir='ltr'><strong>Quidquid</strong></span> <span class='ocrx_word' id='word_1_157' title='bbox 477 3295 511 3354; x_wconf 90' lang='lat' dir='ltr'><strong>id</strong></span> <span class='ocrx_word' id='word_1_158' title='bbox 526 3301 588 3374; x_wconf 84' lang='lat' dir='ltr'><strong>est,</strong></span> <span class='ocrx_word' id='word_1_159' title='bbox 610 3296 729 3355; x_wconf 81' lang='lat' dir='ltr'><strong>subitae</strong></span> <span class='ocrx_word' id='word_1_160' title='bbox 745 3312 945 3374; x_wconf 87' lang='lat' dir='ltr'><strong>quaecunque</strong></span> <span class='ocrx_word' id='word_1_161' title='bbox 960 3292 1011 3353; x_wconf 83' lang='lat' dir='ltr'><strong>est</strong></span> <span class='ocrx_word' id='word_1_162' title='bbox 1023 3310 1113 3352; x_wconf 88' lang='lat' dir='ltr'><strong>eausa</strong></span> <span class='ocrx_word' id='word_1_163' title='bbox 1125 3291 1262 3375; x_wconf 83' lang='lat' dir='ltr'><strong>rapinae,</strong></span> 
     </span>
     <span class='ocr_line' id='line_1_31' title="bbox 346 3377 1268 3460; baseline 0 -23"><span class='ocrx_word' id='word_1_164' title='bbox 346 3379 412 3458; x_wconf 81' lang='lat' dir='ltr'><strong>sit,</strong></span> <span class='ocrx_word' id='word_1_165' title='bbox 434 3396 562 3460; x_wconf 78' lang='lat' dir='ltr'><strong>precer,</strong></span> <span class='ocrx_word' id='word_1_166' title='bbox 584 3386 618 3440; x_wconf 88' lang='lat' dir='ltr'><strong>et</strong></span> <span class='ocrx_word' id='word_1_167' title='bbox 634 3377 730 3440; x_wconf 89' lang='lat' dir='ltr'><strong>tellus</strong></span> <span class='ocrx_word' id='word_1_168' title='bbox 744 3381 828 3441; x_wconf 89' lang='lat' dir='ltr'><strong>mitis</strong></span> <span class='ocrx_word' id='word_1_169' title='bbox 843 3386 877 3440; x_wconf 91' lang='lat' dir='ltr'><strong>et</strong></span> <span class='ocrx_word' id='word_1_170' title='bbox 890 3378 972 3441; x_wconf 90' lang='lat' dir='ltr'><strong>unda</strong></span> <span class='ocrx_word' id='word_1_171' title='bbox 986 3379 1053 3440; x_wconf 87' lang='lat' dir='ltr'><strong>tibi.</strong></span> <span class='ocrx_word' id='word_1_172' title='bbox 1266 3386 1268 3392; x_wconf 83' lang='grc'><em>“</em></span> 
     </span>
    </p>
   </div>
   <div class='ocr_carea' id='block_1_9' title="bbox 686 3514 793 3577">
    <p class='ocr_par' dir='ltr' id='par_1_10' title="bbox 686 3514 793 3577">
     <span class='ocr_line' id='line_1_32' title="bbox 686 3514 793 3577; baseline 0 -1"><span class='ocrx_word' id='word_1_173' title='bbox 686 3514 793 3577; x_wconf 78' lang='lat' dir='ltr'><strong>LXIX.</strong></span> 
     </span>
    </p>
   </div>
   <div class='ocr_carea' id='block_1_10' title="bbox 305 3594 1178 3802">
    <p class='ocr_par' dir='ltr' id='par_1_11' title="bbox 305 3594 1178 3802">
     <span class='ocr_line' id='line_1_33' title="bbox 305 3594 1178 3709; baseline 0.001 -22"><span class='ocrx_word' id='word_1_174' title='bbox 305 3626 373 3687; x_wconf 91' lang='lat' dir='ltr'><strong>Non</strong></span> <span class='ocrx_word' id='word_1_175' title='bbox 388 3594 502 3707; x_wconf 86' lang='lat' dir='ltr'><strong>mIrur,</strong></span> <span class='ocrx_word' id='word_1_176' title='bbox 524 3627 607 3707; x_wconf 89' lang='lat' dir='ltr'><strong>quod</strong></span> <span class='ocrx_word' id='word_1_177' title='bbox 620 3634 709 3709; x_wconf 85' lang='lat' dir='ltr'><strong>putat</strong></span> <span class='ocrx_word' id='word_1_178' title='bbox 723 3601 831 3709; x_wconf 80' lang='lat' dir='ltr'><strong>aquarn</strong></span> <span class='ocrx_word' id='word_1_179' title='bbox 843 3634 895 3690; x_wconf 92' lang='lat' dir='ltr'><strong>tua</strong></span> <span class='ocrx_word' id='word_1_180' title='bbox 908 3629 1017 3708; x_wconf 86' lang='lat' dir='ltr'><strong>Bassa,</strong></span> <span class='ocrx_word' id='word_1_181' title='bbox 1040 3625 1178 3691; x_wconf 74' lang='lat' dir='ltr'><strong>Catulle:</strong></span> 
     </span>
     <span class='ocr_line' id='line_1_34' title="bbox 346 3711 993 3802; baseline 0.005 -30"><span class='ocrx_word' id='word_1_182' title='bbox 346 3711 466 3792; x_wconf 85' lang='lat' dir='ltr'><strong>Miror,</strong></span> <span class='ocrx_word' id='word_1_183' title='bbox 489 3712 571 3791; x_wconf 87' lang='lat' dir='ltr'><strong>quod</strong></span> <span class='ocrx_word' id='word_1_184' title='bbox 584 3714 672 3802; x_wconf 81' lang='lat' dir='ltr'><strong>Bassi</strong></span> <span class='ocrx_word' id='word_1_185' title='bbox 684 3713 749 3776; x_wconf 86' lang='lat' dir='ltr'><strong>fllia</strong></span> <span class='ocrx_word' id='word_1_186' title='bbox 763 3720 851 3796; x_wconf 87' lang='lat' dir='ltr'><strong>potat</strong></span> <span class='ocrx_word' id='word_1_187' title='bbox 866 3719 993 3796; x_wconf 59' lang='lat' dir='ltr'><strong>aquam&gt;</strong></span> 
     </span>
    </p>
   </div>
   <div class='ocr_carea' id='block_1_11' title="bbox 0 0 1638 4409">
    <p class='ocr_par' dir='ltr' id='par_1_12' title="bbox 0 0 1638 4409">
     <span class='ocr_line' id='line_1_35' title="bbox 0 0 1638 4409; baseline 0 0"><span class='ocrx_word' id='word_1_188' title='bbox 0 0 1638 4409; x_wconf 95' lang='lat' dir='ltr'><strong> </strong></span> 
     </span>
    </p>
   </div>
  </div>
 </body>
</html>
