3267 4409
712 466 837 516 SATIRA
855 466 905 521 ΙἮ.

291 607 377 682 Quae
393 605 524 686 peperit;
545 604 658 666 timidus
680 615 853 684 praegustet
872 605 979 685 pocula
999 609 1137 687 pappus]

290 691 439 768 Fingimus
461 690 536 750 haec
556 690 644 750 altum
666 691 753 751 satira
777 699 907 750 sumente
928 690 1097 752 cothurnum

291 776 415 837 Scilicet
437 783 466 835 et
488 775 573 834 finem
595 776 709 852 egressi
731 774 887 853 legemque
910 775 1038 853 priorum
1227 788 1279 843 635

292 858 407 920 Grande
430 858 600 938 Sophocleo
624 876 741 919 carmen
762 858 937 919 bacchamur
957 859 1047 937 biatu,

289 942 438 1003 Montibus
458 945 585 1019 ignotum
605 941 720 1001 Rutulis
742 942 888 1021 coeloque
910 938 1032 1002 Latino?

290 1027 355 1088 Nos
375 1028 481 1087 utinam
502 1025 582 1086 vani!
604 1026 658 1086 sed
681 1026 784 1087 clamat
801 1026 919 1086 Pontia:
942 1025 1025 1103 Feci,

292 1108 460 1188 Confiteor,
483 1112 641 1191 puerisque
663 1111 736 1172 meis
758 1113 871 1171 aconita
893 1112 1029 1189 pararis

291 1196 375 1269 Quae
393 1195 538 1273 deprensa
562 1202 675 1273 patent:
697 1194 826 1256 lacinus:
847 1203 943 1255 tamen
963 1197 1028 1275 ipsa
1049 1196 1209 1274 peregi-
1228 1208 1280 1262 640

291 1279 374 1339 Tune
397 1278 469 1339 duos
490 1297 560 1355 una,
584 1279 754 1339 saevissima
777 1280 895 1358 vipera,
919 1275 1034 1339 coena?

292 1363 374 1424 Tune
396 1359 678 1441 drusi-Septem,
697 1362 721 1422 si
733 1373 846 1441 septem
866 1362 942 1422 iorte
964 1362 1151 1424 luissent!-

292 1444 452 1507 Credamns
473 1448 610 1524 tragicis,
634 1446 771 1525 quidquid
791 1446 827 1507 de
852 1445 993 1508 Colchide
1012 1456 1095 1509 torva

290 1532 406 1593 Dicitur
428 1539 457 1590 et
478 1530 608 1591 Procne:
631 1530 670 1590 nil
693 1539 793 1590 contra
816 1548 922 1599 conor;
946 1541 974 1591 et
996 1529 1064 1590 illae

292 1615 418 1677 Grandia
439 1624 566 1675 monstra
588 1615 647 1673 suis
666 1613 811 1674 audebant
831 1616 1025 1692 temporibus;
1049 1614 1102 1675 sed
1229 1629 1280 1683 545

291 1699 359 1761 Non
381 1707 503 1778 propter
523 1716 664 1758 nummus.
709 1696 803 1759 Minor
825 1700 974 1760 admiratio
994 1700 1110 1759 summis

290 1783 425 1845 Debetur
445 1784 596 1857 monstris,
620 1784 736 1862 quoties
757 1782 828 1845 lacit
849 1785 892 1843 ira
913 1792 1069 1843 nocentem

291 1869 376 1929 Hunc
395 1886 510 1937 sexum;
533 1866 614 1927 rabie
636 1869 718 1927 iecur
739 1867 913 1927 incendente
937 1868 1067 1927 ieruntnr

293 1952 490 2030 Praecipites,
510 1959 541 2010 ut
563 1969 633 2011 sana
655 1951 731 2029 iugis
754 1950 892 2029 abrupta,
917 1951 1020 2029 quibus
1040 1964 1122 2009 mons

292 2035 478 2097 Subtrahitur
499 2035 634 2113 clivoque
657 2035 730 2095 latus
751 2034 896 2113 pendente
918 2035 1040 2094 recedit.
1229 2048 1281 2102 650

292 2120 377 2181 Illam
400 2137 456 2197 ego
478 2136 535 2180 non
556 2118 686 2195 tulerim,
711 2136 785 2197 qnae
805 2126 952 2198 computat
972 2126 1001 2178 et
1021 2116 1120 2178 scelus
1141 2119 1244 2198 iugens

294 2204 372 2265 Sana
391 2204 468 2264 lacit.
513 2205 653 2282 Spectant
674 2200 845 2262 subeuntem
865 2203 923 2262 fata
943 2204 1037 2264 mariti

292 2288 436 2349 Alcestim
458 2295 504 2364 et,
526 2286 626 2346 similis
644 2287 669 2345 si
683 2288 863 2365 permutatio
886 2286 979 2362 detur,

293 2372 389 2433 blorte
410 2372 465 2431 viri
489 2373 604 2450 cupiant
624 2372 744 2431 animam
767 2389 887 2432 servare
911 2370 1045 2432 catellae.

294 2456 458 2516 Occurrent
477 2455 584 2515 multae
607 2455 658 2515 tibi
678 2452 796 2515 belides
815 2464 901 2535 atque
923 2453 1084 2535 Eriphylae
1128 2513 1130 2516 ,
1229 2469 1281 2523 655

293 2540 395 2610 blane;
417 2538 676 2616 Clytaemnestram
698 2539 792 2599 nullns
811 2555 870 2599 non
889 2541 971 2599 vicum
992 2538 1118 2601 habebit.

292 2625 360 2686 lloc
381 2624 608 2701 tantum-refert,
632 2624 709 2704 quud
731 2623 872 2699 Tyndaris
891 2622 942 2684 illa
964 2624 1136 2703 bipennem·

292 2708 436 2770 lnsulsum
458 2717 487 2768 et
509 2708 614 2769 fatuam
635 2708 738 2769 dextra
759 2707 903 2787 laevaque
921 2708 1058 2781 tenebat:

294 2794 335 2855 At
356 2812 431 2854 nuno
452 2809 502 2852 res
521 2794 615 2870 agitur
636 2792 718 2853 tenui
734 2790 871 2870 pulmone
892 2791 1025 2868 rubetae,

295 2877 356 2939 Sed
376 2887 472 2940 tamen
491 2885 521 2937 et
542 2876 640 2954 lerro,
660 2877 686 2936 si
705 2872 905 2954 praegustabit
926 2874 1045 2938 Atrides
1230 2887 1282 2942 660
1308 2914 1316 2929 .

295 2963 417 3026 Pontica
437 2971 484 3024 ter
504 2961 573 3023 victl
592 2969 691 3023 cautus
712 2959 900 3020 medicamina
916 2959 1006 3037 regis.
1101 3025 1103 3028 Α
