3267 4409
326 556 389 621 342
649 560 693 623 M.
709 560 802 624 VAL.
818 561 1046 626 Mnn'rntnls

701 764 806 826 σοιν.
833 764 991 845 Cymbala.

411 876 494 937 Aera
509 872 699 936 Celaenaeos
712 873 852 955 lugentia
865 879 971 936 matris
985 895 1107 940 amores
1143 934 1146 943 .

451 961 602 1023 Esuriens
618 958 724 1021 Gallus
738 959 875 1022 vendere
891 979 984 1042 saepe
998 959 1090 1023 solet.
1202 990 1212 1005 κ

744 1094 836 1158 CCV.
858 1093 951 1159 Puer.

412 1191 460 1252 Sit
473 1193 563 1254 nobis
578 1197 680 1252 aetate
693 1211 788 1272 puer,
810 1213 873 1253 non
887 1194 1009 1273 pumice
1021 1191 1134 1269 laevis,

377 1336 381 1347 ,
451 1277 587 1357 Propter
604 1295 695 1357 quem
707 1275 831 1358 placeat
844 1277 930 1337 nulla
943 1276 1049 1360 puella
1064 1277 1148 1340 mint

727 1409 833 1473 ccvl.
858 1409 975 1474 Cestos.

412 1505 503 1569 Collo
517 1515 626 1586 necte,
647 1526 742 1586 puer,
762 1526 864 1567 meros
880 1527 1019 1589 amores,

410 1592 527 1653 Ceston
545 1592 585 1654 de
600 1592 734 1656 Veneria
748 1592 818 1652 sinu
832 1590 992 1655 calentcna

737 1727 856 1792 ccvtt.
878 1727 974 1790 Idam.

410 1823 504 1885 Sume
517 1824 702 1905 Cytheriaco
716 1825 901 1887 medicatum
915 1831 1042 1888 nectare
1056 1832 1182 1902 centum

450 1909 537 1970 Ussit
551 1915 716 1971 amatorem
732 1909 853 1971 balteus
868 1912 929 1971 iste
945 1910 1057 1972 lovem.-

691 2046 824 2110 ccviii.
849 2041 1010 2107 Notarius.

411 2143 545 2206 Currant
558 2144 652 2205 verba
665 2139 758 2223 licet,
780 2166 887 2206 manns
901 2149 951 2206 est
963 2143 1100 2206 velocior
1112 2140 1196 2205 illisa

450 2227 593 2290 Nondum
607 2227 712 2308 lingua
727 2249 831 2309 suum,
854 2228 963 2291 dextra
972 2229 1098 2311 peregit
1110 2246 1197 2311 opus.
1328 2298 1333 2305 Ι

713 2363 817 2426 cclx
843 2364 977 2425 Concha.

408 2461 500 2522 Levia
514 2461 551 2521 ab
567 2479 721 2540 aequorea
738 2467 845 2522 cortex
859 2462 1031 2522 Mareotica
1045 2461 1163 2522 concha

450 2545 536 2606 Fiat:
557 2545 709 2606 inoffensa
724 2548 822 2607 currit
837 2544 977 2606 harundo
990 2545 1039 2607 rin

732 2679 824 2743 CCX.
849 2677 960 2741 Morio.

409 2778 479 2838 Non
493 2776 623 2838 mendax
636 2782 745 2857 stupor
759 2784 825 2855 eat,
846 2796 906 2838 nec
919 2777 1048 2857 fingitur
1062 2780 1130 2838 arte
1146 2771 1271 2837 dolosas

452 2863 597 2943 Quisquis
610 2860 682 2943 plus
696 2863 777 2922 iusto
793 2881 857 2922 non
871 2862 966 2942 sapit,
985 2859 1042 2922 ille
1055 2856 1146 2943 sapit.

625 2997 730 3057 0ch.
751 2996 855 3078 Caput
868 2997 1068 3058 vervecinum.

410 3093 521 3157 Mollia
534 3096 661 3157 Phrixei
676 3096 804 3157 secuisti
820 3093 902 3155 colla
914 3096 1026 3156 mariti.

450 3180 519 3240 Hoc
534 3181 649 3240 meruit
660 3181 796 3242 tunicam
812 3181 865 3259 qui
878 3181 954 3258 tibi,
971 3195 1077 3256 saeve,
1100 3172 1210 3239 ‹leditt
1275 3260 1282 3271 ἱ
1299 3186 1303 3191 “

701 3313 821 3376 CCXII.
841 3313 990 3374 Pumilus.

410 3412 444 3472 Si
458 3411 556 3474 solnm
572 3418 695 3494 spectes
708 3414 842 3474 hominis
857 3417 964 3492 caput,
984 3402 1127 3472 Hectora
1136 3408 1261 3473 crenus

452 3497 486 3557 Si
501 3502 632 3559 stantem
649 3496 771 3575 videas,
792 3498 981 3577 Astyanacta
992 3501 1094 3577 putea.

707 3630 838 3693 ccxiii.
862 3629 984 3692 Parma.

410 3726 514 3805 llaec,
535 3747 612 3808 quae
626 3748 719 3809 saepe
734 3728 816 3789 solet
832 3730 929 3806 vinci,
952 3746 1030 3808 quae
1046 3728 1173 3789 vincere
1185 3743 1273 3803 raro,

453 3811 563 3872 Parma
576 3813 650 3894 tibi,
672 3819 790 3899 scutum
803 3812 982 3898 pumilionis
995 3813 1066 3873 erit
