3267 4409
683 489 718 535 D.
742 488 812 537 tun.
833 486 1021 537 mvltainms

692 722 927 791 SATIRA
968 723 1013 789 Π.

361 840 448 938 Ultra
468 870 652 932 Sauromatas
673 870 777 945 lugere
800 870 867 930 hinc
888 870 961 931 libet
982 880 1011 931 et
1032 870 1189 948 glacialem

361 958 524 1032 Oceanum,
547 956 661 1035 quoties
684 955 791 1033 aliquid
812 957 849 1016 de
869 956 998 1017 moribus
1015 955 1142 1032 audent,

362 1042 416 1117 Qui
437 1039 540 1101 Curios
563 1038 694 1099 simulant
716 1048 745 1098 et
766 1040 958 1101 Bacchanalia
978 1041 1086 1100 vivunt.

360 1127 471 1189 Indocti
494 1126 628 1203 primum:
652 1142 823 1202 quamquam
845 1125 932 1202 plena
954 1126 1048 1185 omnia
1069 1142 1175 1203 gypso-
1211 1146 1214 1151 ·

362 1210 518 1288 Chrysippi
541 1208 684 1276 invenias;
706 1225 769 1268 nam
788 1208 1019 1286 perfectissimus
1040 1208 1142 1269 horum
1160 1218 1225 1288 est,
1336 1228 1352 1279 5

362 1298 392 1355 Si
409 1296 473 1373 quis
495 1292 677 1352 Aristotelen
705 1292 828 1352 similem
848 1293 896 1352 vel
918 1292 1049 1354 Pittacon
1069 1295 1152 1369 emit,

361 1377 398 1438 llt
416 1378 496 1437 iubet
517 1377 694 1455 archetypos
715 1377 843 1456 pluteum
865 1394 984 1437 servare
1007 1374 1173 1437 Cleanthas.

361 1462 476 1523 Frontis
499 1460 576 1520 nulla
596 1460 685 1528 fides:
707 1462 771 1539 quis
793 1461 868 1520 enim
888 1477 946 1520 non
966 1462 1049 1521 vicus
1070 1460 1196 1522 abundat

363 1545 503 1606 Tristibus
525 1541 684 1611 obscenis?
712 1546 839 1622 castigas
860 1546 968 1624 turpia,
991 1563 1078 1625 quum
1098 1546 1140 1605 sis

361 1631 439 1691 lnter
461 1631 629 1689 Socraticos
648 1630 796 1689 notissima
819 1630 900 1689 fossa
923 1630 1072 1690 cinaedos.
1267 1702 1270 1707 .
1318 1646 1352 1697 lo

360 1714 479 1792 Hispida
500 1711 628 1773 membra
650 1713 765 1791 quidem
788 1723 817 1774 et
838 1713 928 1774 durae
947 1732 1002 1793 per
1022 1712 1141 1774 brachia
1162 1722 1247 1777 satae

360 1799 528 1859 Promittant
551 1806 679 1856 atrocem
701 1798 839 1867 animum;
862 1798 915 1857 sed
936 1799 1044 1876 podice
1061 1798 1120 1859 levi

361 1880 527 1943 Caeduntur
545 1881 670 1941 tumidae
692 1881 807 1942 medico
831 1882 943 1941 ridente
965 1883 1118 1943 mariscae.

359 1966 453 2026 Rarus
471 1982 567 2025 sermo
590 1965 648 2025 illis
670 1974 699 2025 et
717 1984 820 2043 magna
843 1965 933 2026 libido
954 1966 1071 2027 tacendi
1346 2018 1349 2023 .

359 2052 455 2127 Atque
475 2050 633 2128 supercilio
655 2049 774 2110 brevior
797 2067 890 2110 corna.
921 2050 1027 2110 Verius
1048 2066 1122 2127 ergo
1319 2064 1349 2119 15

360 2134 396 2194 Et
417 2137 507 2211 magis
530 2136 655 2211 ingenue
677 2133 874 2202 Peribomius;
896 2133 972 2194 hunc
994 2151 1052 2211 ego
1073 2134 1140 2195 latis
1252 2190 1261 2205 „

359 2219 487 2295 lmputo,
507 2220 555 2296 qui
575 2219 655 2278 vultu
677 2217 806 2278 morbum
826 2219 999 2297 incessuque
1020 2217 1136 2279 fatetur.

359 2302 467 2361 Horum
488 2300 656 2381 simplicitas
677 2302 870 2376 miserabilis,
889 2301 934 2361 his
955 2301 1037 2363 furor
1056 2304 1121 2381 ipse

358 2385 416 2445 Dat
435 2387 563 2453 veniam;
585 2386 637 2445 sed
658 2387 794 2463 peiores,
817 2387 866 2464 qui
887 2386 955 2446 talia
976 2386 1077 2447 verbis
1098 2390 1106 2403 “

359 2467 495 2527 Herculis
518 2467 652 2527 invadunt
675 2478 704 2528 et
726 2470 762 2529 de
783 2471 888 2529 virtute
910 2470 1000 2531 locuti
1314 2484 1349 2539 20

361 2548 482 2609 Clunem
504 2551 620 2625 agitant.
650 2550 715 2628 Ego
737 2561 767 2611 te
790 2563 960 2630 ocientem,
983 2553 1091 2631 Sexta,
1112 2552 1266 2617 verebor?

360 2632 476 2692 lniamis
497 2632 625 2691 Varillus
647 2635 699 2701 ait:
723 2652 780 2711 quo
803 2636 933 2698 deterior
954 2635 1006 2698 te?

360 2716 533 2794 Loripedem
554 2726 652 2776 rectus
675 2719 822 2795 derideat,
845 2720 1021 2802 Aethiopem
1040 2721 1140 2783 albus:

361 2799 432 2872 eris
455 2800 553 2859 tulerit
574 2799 722 2862 Gracchos
744 2803 781 2864 de
804 2806 947 2866 seditione
971 2804 1153 2886 querentes?

361 2883 432 2957 Quis
455 2883 568 2944 coelum
588 2887 673 2945 terris
693 2905 751 2947 non
769 2888 891 2950 misceat
912 2899 942 2951 et
958 2909 1042 2965 ,mara
1063 2890 1169 2969 coelo,
1207 2878 1212 2893 ’
1315 2902 1348 2957 ab

359 2968 390 3027 Si
411 2969 457 3027 fur
474 2968 629 3047 displiceat
648 2970 749 3047 Verri,
773 2972 916 3035 homicida
938 2973 1053 3052 Miloni,

360 3049 479 3112 Clodius
502 3062 621 3113 accuset
643 3056 802 3133 moechos,
826 3055 948 3119 Catilina
971 3057 1151 3139 Cethegum,

357 3135 389 3194 ln
411 3136 536 3196 tabulam
557 3138 657 3199 Sullae
678 3142 702 3199 si
725 3142 821 3201 dicant
840 3142 974 3221 discipuli
996 3138 1079 3205 tres?

358 3218 459 3291 Qualis
482 3230 544 3280 erat
564 3240 657 3301 nuper
679 3226 792 3301 tragico
815 3226 942 3305 pollutus
964 3227 1078 3288 adulter

359 3301 535 3381 Concubitu,
559 3308 607 3384 qui
628 3316 695 3367 tunc
717 3309 802 3385 leges
824 3310 983 3372 revocabat
1004 3328 1117 3373 amaras
1216 3302 1222 3313 ⁸
1314 3324 1348 3377 ³⁰

358 3386 494 3447 Omnibus
519 3399 605 3467 atque
628 3392 699 3468 ipsis
719 3392 829 3454 Veneri
849 3393 991 3474 llartique
1012 3396 1175 3475 timendas,

358 3469 450 3541 Quarum
470 3481 512 3530 tot
534 3474 672 3534 abortivis
691 3476 843 3538 fecundam
864 3478 934 3539 lulia
956 3478 1070 3540 vulvam

358 3554 495 3613 Solveret
515 3565 544 3614 et
566 3567 668 3635 patruo
690 3561 799 3620 slmiles
821 3563 982 3623 elhmderet
1005 3563 1088 3623 ollas.

357 3634 459 3696 Nonne
482 3639 567 3715 igitur
588 3643 649 3701 inre
672 3661 707 3703 ac
728 3647 832 3705 merito
853 3648 922 3708 vitia
944 3647 1040 3707 ultima
1062 3646 1149 3708 hctos

358 3718 548 3782 Contemnunt
569 3725 695 3786 Scauros
718 3736 746 3787 et
766 3732 908 3808 castigata
924 3728 1113 3792 remordenti
1311 3742 1344 3797 at
