3267 4409
645 555 690 618 M.
706 553 799 618 VAL.
816 550 1042 616 MARTIALIS

778 753 913 819 LXXIX.

410 874 540 953 Semper
554 873 618 952 agis
631 890 736 933 causas
751 877 785 934 et
798 890 851 933 res
866 872 948 950 agis,
968 870 1093 951 Attalo,
1114 893 1254 958 sempera

449 959 523 1035 Est,
543 963 668 1017 nonest
684 955 766 1034 quod
780 975 868 1035 agas,
890 954 1011 1034 Attalo,
1031 976 1155 1039 semper
1168 963 1244 1042 aglo.

410 1042 444 1104 Sl
457 1060 509 1101 rea
523 1047 556 1101 et
568 1059 676 1100 causae
693 1039 822 1118 desunt,
843 1041 925 1118 agis,
946 1039 1069 1121 Attalo,
1090 1042 1196 1108 mulas.

450 1122 573 1203 Attole,
594 1122 732 1205 nequod
749 1142 820 1202 agas
834 1121 934 1202 desit,
956 1143 1027 1203 agas
1044 1128 1183 1190 solmam.
1257 1117 1263 1122 ’

775 1255 898 1349 cxxx.

409 1370 569 1456 Sportula,
591 1371 691 1450 caue,
710 1371 769 1432 tibi
783 1349 928 1452 suprema
941 1377 1033 1434 nocte
1047 1374 1146 1452 petita
1159 1383 1219 1441 est.

451 1455 574 1520 Occidit
587 1460 662 1538 puto
677 1462 728 1535 te,
749 1456 851 1534 (lane,
872 1455 955 1535 quod
967 1475 1027 1516 nna
1039 1458 1107 1522 fult.

773 1588 908 1652 LXXXI.

379 1700 381 1704 ’
409 1704 436 1763 Α
451 1722 540 1764 servo
556 1705 616 1764 sols
631 1710 663 1763 te
677 1703 814 1782 genitum
828 1700 1005 1782 blandeque
1019 1703 1145 1783 fateris,

451 1788 527 1848 Cum
543 1787 620 1847 dicis
635 1787 806 1864 dominnm,
829 1785 1007 1868 Sosibione‚
1024 1794 1155 1871 patrem.

763 1922 914 1986 LXXXII.

408 2037 493 2097 Haec
509 2054 586 2115 qnae
600 2033 729 2116 pulvere
746 2035 895 2116 disstata
908 2031 1004 2094 multo
1033 2048 1048 2061 ’

407 2121 528 2200 Longas
541 2121 678 2199 porticus
694 2119 829 2200 explicat
842 2120 966 2197 rniuas,

407 2206 442 2265 ln
456 2210 542 2283 tanto
557 2204 639 2265 iacet
653 2204 792 2265 absoluta
806 2223 887 2265 casu.
932 2265 935 2272 ,

408 2289 516 2349 Tectis
533 2306 603 2348 nam
616 2287 707 2349 modo
723 2286 859 2366 Regulus
874 2288 930 2347 sub
944 2283 1010 2347 lllls

322 2376 327 2382 ’
386 2373 555 2434 attestatos
567 2373 671 2432 fuerat
685 2376 943 2450 recesseratque,

408 2458 499 2521 Victa
514 2462 563 2517 est
575 2454 716 2536 pondere
731 2476 798 2516 cum
813 2474 868 2515 suo
883 2460 1033 2534 repente;

385 2579 390 2590 .
407 2542 449 2602 Et
461 2547 623 2622 postquam
639 2537 762 2600 domino
779 2536 860 2598 nihil
879 2540 1024 2618 olmebat,
1090 2577 1095 2587 ·

409 2626 525 2685 Securo
542 2626 606 2685 ruit
619 2624 782 2684 iucruenta
796 2621 917 2683 damno.
1000 2674 1006 2687 .

408 2709 544 2786 Tantae,
564 2705 700 2787 Regule‚
719 2712 791 2788 post
805 2713 921 2767 metum
936 2704 1096 2784 querellae
1155 2711 1168 2735 '

368 2794 485 2868 loQuis
500 2812 603 2852 curam
617 2797 712 2870 neget
727 2810 797 2852 esse
810 2798 845 2850 tc
860 2790 1006 2867 deorum,

407 2878 541 2959 Propter
557 2895 647 2955 quem
661 2876 721 2937 fult
733 2877 883 2935 Innocens
897 2874 1025 2969 ruinalfl'

759 3007 921 3070 LXXXIII.

411 3123 454 3184 Os
470 3127 503 3182 et
520 3119 608 3182 labra
620 3122 679 3183 tibi
692 3119 801 3200 lingit,
821 3122 961 3201 Mancia,
983 3119 1128 3186 catellus:
1234 3136 1242 3143 ·

448 3205 518 3268 Nou
531 3207 643 3287 miror,
664 3205 787 3266 merdas
805 3207 832 3266 si
847 3204 926 3266 libet
940 3224 1009 3267 esse
1028 3207 1105 3270 coni.

762 3340 927 3404 LXXXIV.

407 3454 541 3514 Uxorem
557 3451 730 3514 habendam
743 3473 804 3514 uon
818 3459 908 3535 putot
923 3450 1105 3533 Quirinolis,

409 3538 484 3598 Cum
499 3537 574 3598 velit
587 3539 704 3598 habere
718 3537 816 3617 filios,
838 3542 872 3598 et
889 3539 1017 3599 invenit·

407 3623 474 3698 Quo
487 3623 586 3702 posslt
598 3620 683 3682 istud
697 3640 799 3683 morer
821 3623 916 3683 futuit
929 3620 1054 3682 ancillas

279 3762 284 3771 .
407 3707 598 3784 Domumque
613 3711 646 3765 et
659 3718 749 3786 agros
762 3705 873 3786 implet
887 3707 1043 3786 eantibus
1055 3705 1168 3767 vernis.
1249 3776 1253 3781 Ι

409 3789 503 3850 Pater
517 3789 652 3851 familiae
667 3808 758 3851 verns
772 3799 822 3852 est
837 3789 1014 3869 QuirInalis.
