3267 4409
543 454 883 520 EPIGRAMMATON
895 458 970 522 LIll.
985 458 1038 526 XI.
1250 461 1311 528 281

397 606 440 669 ut
452 606 536 667 iuvat
550 606 681 668 admissa
694 626 840 688 rumpere
854 606 925 669 luce
940 607 1030 673 latus.

355 691 464 753 Fascia
478 697 511 750 te
525 693 709 770 tunicaeque
724 694 916 771 obscuraque
930 692 1025 774 pallia
1040 691 1159 757 celante

399 776 441 836 At
456 776 532 834 mibi
546 774 631 835 nulla
646 777 719 835 satis
736 775 820 836 nuda
832 773 939 856 puella
951 778 1041 839 iacet.

354 860 445 920 Basia
459 877 509 918 me
524 861 648 939 capiunt
661 857 789 920 blandas
804 862 923 922 imitata
939 860 1111 924 columbas:

312 956 347 1008 lo
396 943 446 1004 Tu
459 944 535 1003 mihi
550 943 621 1022 das,
642 945 725 1004 aviae
742 943 842 1023 qualia
856 963 944 1005 mane
959 944 1052 1009 soles.

352 1029 419 1090 Nec
434 1033 520 1087 motu
534 1026 669 1106 dignaris
685 1047 761 1108 opus
774 1047 834 1088 nec
848 1047 924 1090 voce
937 1030 1059 1110 iuvare,

396 1112 462 1173 Nec
477 1110 596 1190 digitis:
614 1118 758 1190 tanquam
772 1119 841 1173 tura
856 1133 1035 1192 merumque
1049 1132 1151 1197 pares.
1211 1178 1216 1183 „

353 1195 628 1258 Masturbabantur
640 1197 769 1275 Phrygii
783 1203 854 1275 post
868 1199 946 1258 ostia
960 1201 1057 1280 servi,
1074 1207 1078 1218 “

395 1282 554 1342 Hectoreo
571 1282 713 1358 quotiens
728 1280 854 1342 sederat
867 1301 944 1342 uror
962 1301 1053 1362 equo.

312 1373 345 1429 15
352 1363 395 1424 Et
410 1366 545 1444 quamvis
559 1365 663 1424 Ithaco
680 1371 834 1425 stertente
850 1365 961 1445 pudica
976 1365 1098 1428 solebat
1190 1360 1193 1371 ’

394 1447 463 1510 lllic
477 1446 638 1529 Penelope
653 1467 777 1528 semper
795 1451 912 1511 babere
926 1470 1055 1510 manum.

353 1531 523 1593 Paedicare
537 1551 647 1611 negasr
669 1533 761 1594 dabat
773 1534 834 1594 boc
850 1533 996 1596 Cornelia
1011 1532 1169 1612 Graccho,

396 1617 472 1678 Iulia
485 1617 649 1696 Pompeio,
668 1617 793 1696 Porcia,
814 1617 926 1696 Brute,
947 1620 1013 1680 tibi.

352 1701 461 1762 Dulcia
474 1700 627 1761 Dardanio
643 1699 778 1761 nondum
791 1703 941 1764 miscente
956 1704 1097 1764 ministro

307 1797 347 1850 ⁴20
394 1784 510 1846 Pocula
524 1786 598 1846 luno
613 1785 673 1846 fuit
687 1804 744 1865 pro
761 1787 940 1865 Ganymede
955 1788 1028 1848 lovi.

354 1870 388 1931 Si
402 1875 434 1929 te
450 1868 587 1942 delectat
603 1871 750 1948 gravitas,
772 1870 919 1932 Lucretia
933 1878 1000 1932 toto
1049 1864 1052 1871 ’

397 1954 447 2015 Sis
465 1951 542 2014 licet
556 1973 653 2033 usque
669 1953 737 2034 die,
758 1955 854 2014 Laida
867 1961 960 2015 nocte
973 1953 1053 2016 volo.

760 2067 824 2131 CV.

351 2166 502 2230 Mittebas
515 2163 643 2244 libram,
666 2163 884 2246 quadrantem,
906 2163 1052 2241 Garrire,
1073 2161 1180 2226 mittis.

364 2274 368 2279 ·
397 2249 515 2312 Saltem
530 2251 704 2328 semissem,
722 2250 869 2329 Garrire,
891 2247 976 2310 solve
991 2247 1074 2309 mibi.

754 2362 831 2427 cvl.

351 2463 425 2526 Vibi
438 2462 589 2540 Maxime,
610 2462 637 2522 si
650 2480 737 2522 vacas
753 2477 855 2541 avere,

351 2548 421 2608 Hoc
439 2552 557 2607 tantum
569 2545 656 2624 leget
678 2564 810 2624 namque
825 2552 858 2606 et
873 2549 1038 2625 occupatur

351 2632 393 2693 Et
407 2651 469 2690 uon
484 2649 518 2690 es
532 2632 658 2690 nimium
671 2629 853 2692 laboriosus.

353 2715 481 2777 Transis
494 2716 552 2776 hos
570 2733 692 2793 quoque
707 2712 873 2793 quattuor?
895 2712 1011 2794 sapisti.

747 2825 838 2889 GVll.

350 2922 541 3006 Explicitum
554 2923 643 2983 nobis
659 2941 756 3001 usque
772 2920 811 2982 ad
826 2941 880 2981 sua
894 2938 1009 2980 cornua
1021 2917 1136 2979 librum

393 3013 436 3073 Et
450 3009 537 3088 quasi
551 3005 742 3088 perlectum,
765 3004 958 3085 Septiciane,
980 3003 1093 3065 refers.

353 3094 462 3158 Omnia
476 3093 591 3170 legisti.
622 3089 743 3168 Credo,
766 3091 849 3166 scio,
871 3086 1008 3167 gaudeo,
1027 3103 1134 3148 rerum
1148 3088 1205 3146 est.

339 3208 344 3255 ς
364 3177 366 3179 ’
395 3175 523 3255 Perlegi
536 3176 635 3237 libros
650 3176 695 3235 sic
710 3174 920 3253 egoquinque
937 3176 1017 3233 tuos.

733 3287 836 3350 cvm.

353 3389 495 3469 Quamvis
511 3392 573 3448 tam
587 3385 680 3464 longo
694 3385 795 3465 possis
810 3389 895 3443 satur
910 3400 980 3443 esse
992 3378 1120 3460 libello,

310 3536 313 3541 ,
395 3474 526 3551 Lector,
549 3471 648 3531 adhuc
664 3491 681 3529 a
694 3488 743 3530 me
758 3468 889 3528 disticha
902 3486 999 3548 pauca
1012 3467 1106 3547 petis.
1140 3522 1145 3533 ,

354 3558 418 3621 Sed
434 3559 539 3637 Lupus
555 3574 677 3615 usuram
691 3555 844 3633 puerique
862 3551 959 3612 diaria
971 3554 1112 3633 poscunt.

394 3643 526 3721 Lector,
546 3635 639 3701 salve.
671 3639 771 3700 Taces
786 3635 1042 3718 dissimulasque‘l
1069 3629 1160 3697 vua.
