3267 4409
384 504 386 509 ·
506 477 850 542 EPIGRAMMATON
862 475 937 542 LlB.
952 478 991 546 X.
1209 480 1271 545 23³

312 635 421 696 Annos
435 631 541 694 addite
556 634 604 692 bia
618 651 733 712 precor
746 650 900 713 novenos,
1003 680 1009 689 .

313 720 358 781 Ut
371 717 507 779 nondum
521 718 613 776 nimia
627 719 716 797 piger
730 723 873 796 senecta,

313 802 378 863 Sed
391 802 472 864 vitae
486 801 586 861 tribus
603 803 684 861 areis
699 801 836 880 peractis

270 887 413 951 lobncos
426 884 553 967 Elysiae
566 891 669 965 petam
683 882 816 964 puellae.

314 973 392 1032 Post
405 973 487 1031 hunc
500 970 633 1031 Nestora
648 988 708 1029 nec
721 967 804 1029 diem
818 970 943 1049 rogabo.

699 1102 795 1166 XXV.

311 1204 347 1266 ln
360 1203 510 1265 matutina
525 1221 626 1283 nuper
642 1208 799 1282 spectatus
813 1202 929 1279 harena

319 1308 322 1312 ·
356 1288 496 1365 Mucius,
517 1287 663 1367 imposuit
678 1287 731 1365 qui
748 1306 802 1346 aua
816 1289 953 1346 membra
966 1287 1061 1366 locis,

290 1405 292 1409 ·
312 1371 348 1434 Sl
361 1372 483 1452 patiens
494 1371 655 1448 durusque
670 1371 729 1431 tibi
743 1371 898 1449 fortisque
912 1370 1052 1451 videtur,

355 1454 567 1517 Abderitanae
582 1462 711 1535 pectora
724 1454 825 1534 plebis
840 1456 946 1520 habos.

294 1539 392 1604 §Nam
407 1559 475 1600 cum
490 1539 610 1600 dicatur
624 1541 727 1601 tunica
740 1546 907 1618 praesente
921 1537 1052 1601 molesta

356 1625 443 1705 „Ure
457 1624 612 1704 manum‚“
631 1622 701 1705 plus
716 1630 766 1685 est
783 1623 890 1685 dicere
904 1625 994 1703 „Non
1011 1623 1125 1688 facio.“

692 1757 803 1821 XXVI.
823 1810 826 1817 ,

312 1857 414 1934 Vara,
436 1855 635 1916 Paraetonias
649 1857 737 1916 Latia
753 1855 844 1917 modo
859 1856 923 1917 vite
936 1875 994 1936 per
1007 1859 1101 1921 urbes

354 1939 476 2002 Nobilis
493 1946 526 2000 et
542 1948 665 2000 centum
680 1939 740 2001 dux
754 1940 953 2001 memorande
967 1943 1057 2019 viris,

312 2026 467 2102 atnam,
488 2025 626 2085 Ausonio
643 2025 760 2085 frustra
774 2026 926 2105 promisse
944 2025 1090 2106 Quirino,

356 2110 490 2191 Hospita
505 2109 619 2187 Lagaei
635 2106 738 2168 litoris
754 2110 862 2168 umbra
875 2109 968 2169 laces.

290 2192 471 2275 §Spargere
487 2212 549 2254 non
562 2192 652 2252 licuit
666 2193 814 2270 frigentia
827 2193 951 2253 fletibus
966 2212 1037 2270 ora,

355 2279 485 2357 PInguia
498 2295 558 2337 nec
572 2278 697 2337 maestis
713 2276 830 2338 addere
845 2283 915 2336 tura
929 2277 1022 2356 rogis.

313 2361 378 2425 Sed
393 2362 484 2422 datur
498 2370 625 2422 a'eterno
640 2362 791 2422 victurum
806 2361 941 2422 carmine
955 2380 1073 2425 munus.
1087 2390 1090 2407 ι

355 2445 511 2526 Numquid
526 2453 559 2507 et
571 2447 647 2527 boc,
661 2445 757 2507 fallax
771 2445 858 2527 Nile,
878 2464 993 2527 negare
1008 2445 1121 2527 potes?

692 2582 816 2646 XXVII.

312 2680 435 2760 Natali,
454 2678 608 2760 Diodore,
626 2687 679 2742 tuo
695 2683 820 2742 conviva
834 2687 960 2743 senatus

356 2769 512 2844 Accubat,
534 2771 567 2826 et
581 2786 668 2826 rarus
682 2787 745 2826 non
760 2766 925 2827 adhibetur
940 2785 1052 2848 eques,

313 2853 361 2915 Ac
377 2858 431 2913 tua
445 2852 583 2911 tricenos
596 2848 730 2930 largitur,
743 2849 883 2931 sportula
896 2871 1044 2916 nummos.

355 2936 454 2998 Nemo
469 2941 572 2997 tamen
586 2940 690 2996 natum
705 2943 755 3015 te,
777 2935 931 3015 Diodoro,
950 2941 1047 3017 putat.

684 3038 826 3131 xxvmss

315 3169 476 3242 Annorum
491 3167 644 3246 nitidique
659 3174 744 3228 sator
759 3166 971 3248 pulcherrime
990 3164 1110 3244 mundi,

339 3282 342 3288 ·
363 3253 492 3314 Publica
508 3271 599 3332 quem
614 3254 745 3332 primum
760 3258 830 3311 vota
844 3269 1017 3331 precesque
1031 3255 1155 3329 vocant,

314 3335 445 3396 Pervius
460 3339 586 3416 exiguos
600 3338 760 3397 habitabas
776 3342 848 3396 ante
862 3341 1010 3416 penates,

357 3420 495 3481 Plurima
511 3441 569 3500 qua
583 3420 718 3481 medium
731 3422 828 3481 Roma
842 3420 965 3481 terebat
980 3421 1051 3480 iter.

293 3503 406 3567 bNunc
421 3511 473 3565 tua
487 3507 649 3566 Caesareis
668 3508 833 3586 cinguntur
846 3503 953 3565 limina
968 3502 1074 3582 donis,

359 3589 402 3650 Et
415 3590 484 3650 fora
500 3596 549 3650 tot
561 3609 721 3671 numeras,
742 3591 831 3669 lane,
853 3597 928 3677 quot
942 3601 996 3650 ora
1011 3587 1141 3669 geris.
1197 3587 1199 3593 ’

318 3673 361 3733 At
374 3679 425 3752 tu,
447 3681 551 3734 sancte
566 3681 672 3755 pater,
693 3681 779 3735 tanto
793 3678 851 3755 p'ro
867 3690 994 3735 munere
1008 3676 1194 3793 dulus
1236 3661 1239 3665 ⁸

360 3756 478 3819 Ferrea
490 3766 643 3842 perpetua
657 3758 789 3821 claustra
803 3765 893 3843 tuere
908 3776 990 3824 sera.
1045 3816 1051 3845 x
1118 3708 1337 3898 ν
