3267 4409
580 461 713 524 mona
727 416 1075 531 natamumnrou.
1171 412 1177 426 ⁹
1242 455 1245 460 ’
1293 467 1355 533 ιιι

304 617 384 681 Quod
401 617 544 668 convivaris
564 631 620 666 sme
638 633 679 666 mc
696 625 746 666 tam
766 632 862 683 saepe,
881 617 996 683 Luperca
1035 657 1042 672 .
1069 656 1076 671 .
1105 659 1111 672 .
1140 659 1147 672 .
1176 659 1184 675 .
1248 623 1293 682 Vl,
1311 624 1354 679 51.

305 688 384 750 Quod
401 689 473 752 cupis
490 689 516 736 in
533 687 628 736 nostris
646 687 748 750 dicique
764 687 865 752 legique
882 687 1006 739 libellis.
1105 728 1111 741 .
1140 729 1146 741 .
1177 729 1183 742 .
1249 693 1293 753 lV,
1312 692 1355 745 31.

306 759 383 820 Quod
399 757 474 807 fellas
491 763 620 818 etaquam
635 765 722 820 potas,
740 757 791 816 nil,
812 756 920 825 hesbin,
939 772 1032 822 peccas
1069 795 1077 809 .
1106 797 1113 809 .
1140 798 1146 810 .
1176 799 1183 812 .
1259 763 1290 822 ΙΙ,
1311 763 1355 814 50.

305 827 382 888 Quod
397 827 486 876 Flacco
501 826 630 887 Varioque
648 825 696 875 tuit
711 840 861 888 summoque
876 825 974 877 Maroni
1005 863 1183 881 ......
1253 829 1309 892 Xll,
1328 837 1354 883 t.

305 890 383 959 Qt'rod
400 895 483 946 ironte
501 893 597 943 Selium
613 894 699 944 nubila
718 895 803 956 vides,
822 895 940 946 Rufe..
1071 934 1077 947 .
1105 934 1112 947 .
1139 935 1146 949 .
1176 937 1183 952 .
1259 900 1291 960 ΙΙ,
1311 899 1354 950 11.

305 965 383 1029 Quod
397 965 456 1014 lana
472 972 558 1028 caput
566 964 670 1029 alligas,
687 961 795 1014 Charine
828 999 835 1014 .
863 1000 871 1014 .
931 999 938 1013 .
966 1001 973 1014 .
1001 1001 1008 1016 .
1036 1003 1043 1016 .
1071 1002 1078 1018 .
1105 1003 1112 1016 .
1140 1006 1147 1018 .
1176 1005 1183 1018 .
1240 965 1296 1030 Xll,
1310 967 1354 1020 89.

303 1035 382 1096 Quod
398 1035 485 1100 magni
502 1034 629 1083 Thraseae
645 1034 862 1096 consummatique
881 1032 983 1084 Catonis
1001 1071 1183 1088 ......
1293 1039 1313 1102 Ι,
1327 1037 1353 1088 8.

304 1104 382 1167 Quod
399 1104 462 1152 mihi
480 1103 600 1153 vixunus
614 1109 667 1152 toto
684 1102 747 1152 liber
763 1111 836 1153 exeat
854 1118 945 1153 anno.
971 1139 978 1153 .
1003 1140 1010 1154 .
1038 1141 1045 1155 .
1073 1141 1080 1155 .
1105 1141 1112 1155 .
1139 1143 1146 1156 .
1176 1144 1182 1158 .
1258 1105 1292 1167 Χ,
1310 1106 1353 1157 70.

304 1172 382 1234 Quod
397 1174 516 1222 minimos
534 1173 629 1230 cernis,
646 1172 713 1220 mitti
728 1187 775 1222 nos
794 1173 877 1222 credis
893 1175 993 1223 amicae
1036 1210 1183 1227 .....
1241 1175 1312 1236 XIV,
1326 1173 1352 1225 9.

304 1242 383 1306 Quod
397 1257 445 1291 nec
463 1243 573 1291 carmine
591 1240 688 1307 glorior
705 1243 817 1305 supinos
845 1259 851 1291 ;
879 1277 1182 1297 ..........
1259 1245 1291 1305 ll,
1308 1243 1351 1295 86.

304 1311 381 1377 Quod
399 1326 447 1360 nec
460 1311 589 1376 Vergilius
607 1325 654 1359 nec
672 1313 783 1360 carmine
802 1311 863 1361 dicit
874 1310 999 1362 Homerus
1033 1348 1182 1366 .....
1220 1313 1290 1378 XlV,
1308 1315 1351 1366 57.

304 1379 381 1446 Quod
397 1381 475 1430 nimio
495 1381 592 1447 gaudes
610 1386 708 1429 noctem
726 1381 869 1445 producere
883 1382 942 1431 vino
965 1416 1181 1435 .......
1262 1383 1293 1446 ΙΙ,
1309 1381 1352 1432 89.

304 1449 382 1515 Quod
396 1450 502 1500 nimium
522 1449 694 1499 lives'nostnis
711 1458 736 1498 ct
750 1450 846 1513 ubique
866 1448 959 1500 libellis
998 1486 1005 1500 .
1033 1485 1041 1501 .
1069 1486 1076 1502 .
1104 1487 1110 1500 .
1138 1490 1145 1503 .
1175 1491 1182 1504 .
1246 1451 1290 1511 ΧΙ,
1309 1451 1352 1502 94.

303 1519 381 1650 guod
396 1519 502 1569 nimium
517 1527 639 1580 mortem,
660 1516 815 1568 Chaeremon
833 1517 934 1582 Stoice,
952 1518 1043 1570 laudas
1069 1557 1076 1572 .
1104 1556 1111 1570 .
1138 1559 1145 1572 .
1174 1560 1181 1573 .
1245 1521 1291 1581 ΧΙ,
1310 1509 1351 1572 56.

328 1588 380 1639 nod
395 1597 517 1638 nocturna
535 1590 595 1649 tihi,
611 1588 740 1649 Leandro,
758 1591 901 1653 pepercerit
919 1589 1005 1639 unda.
1034 1626 1041 1641 .
1069 1627 1075 1640 .
1104 1625 1111 1640 .
1138 1629 1145 1642 .
1174 1629 1181 1643 .
1238 1591 1290 1653 Ep.
1307 1593 1350 1642 25.

303 1658 380 1720 Quod
395 1672 447 1707 non
463 1665 608 1724 argentum,
629 1658 697 1720 quod
711 1672 762 1707 non
777 1659 825 1711 tibi
844 1658 968 1709 mittimus
984 1673 1075 1710 aurum
1103 1695 1109 1709 .
1138 1697 1145 1712 .
1174 1698 1181 1712 .
1281 1696 1288 1718 ‚
1257 1658 1352 1711 V59.

303 1727 382 1789 Quod
398 1742 448 1777 non
468 1727 564 1776 insulse
582 1729 673 1777 scribis
690 1728 839 1777 tetrasticha
856 1728 1006 1792 quaedam.
1033 1764 1041 1780 .
1067 1765 1074 1780 .
1103 1765 1110 1780 .
1138 1768 1145 1783 .
1174 1769 1181 1782 .
1238 1729 1351 1791 Vll,85.

304 1796 382 1859 Quod
396 1812 447 1846 non
465 1798 499 1846 sit
515 1795 625 1863 Pylades
644 1797 693 1846 hoc
708 1805 837 1861 tempore,
854 1812 905 1848 non
922 1799 955 1848 sit
972 1796 1073 1849 Orestes
1103 1835 1109 1848 .
1138 1838 1144 1851 .
1173 1837 1181 1853 .
1243 1799 1288 1858 Vl,
1308 1798 1350 1851 11.

303 1867 380 1928 Quod
398 1878 481 1916 novus
496 1874 521 1914 et
537 1880 619 1932 nuper
635 1866 716 1916 lactus
730 1867 903 1932 tibipraestat
919 1868 1045 1918 amicus.
1070 1903 1077 1917 .
1103 1903 1109 1917 .
1138 1906 1144 1920 .
1174 1905 1182 1922 .
1249 1869 1292 1924 ΙΙΙ,
1308 1865 1350 1919 36.

304 1935 381 1999 Quod
395 1935 486 2000 nubis,
501 1936 650 1996 Proculina,¹
666 1936 807 1986 concubino
829 1969 1180 1990 ...........
1250 1937 1294 1996 Vl,
1307 1938 1350 1987 22.

304 2005 380 2069 Quod
393 2004 458 2054 nulli
474 2004 580 2055 calicem
595 2012 667 2054 tnum
685 2005 808 2068 propinas
828 2040 1179 2059 ...........
1253 2007 1285 2065 ΙΙ,
1308 2005 1348 2055 15.

304 2075 522 2137 Qnodnunqnam
539 2076 650 2125 maribus
668 2075 775 2123 cinctam
793 2081 832 2140 te,
851 2074 945 2136 Bassa,
961 2073 1080 2124 videbam
1102 2110 1109 2123 .
1137 2112 1144 2126 .
1172 2113 1178 2127 .
1269 2075 1289 2140 t,
1306 2072 1349 2124 90.

303 2144 379 2208 Qnod
390 2145 507 2194 nutantia
521 2144 602 2194 ironte
620 2144 743 2208 perticata
752 2177 1179 2195 .............
1253 2146 1286 2204 V,
1308 2144 1348 2193 12.

303 2214 379 2275 Quod
395 2214 519 2278 optimum
535 2215 697 2276 sit'disputat
713 2213 857 2262 convivium
894 2247 1179 2264 .........
1243 2213 1288 2272 tx,
1307 2214 1350 2263 77.

302 2282 378 2346 Quod
396 2290 498 2348 pcct,ua
514 2283 583 2346 qnod
602 2297 676 2332 crura
695 2282 756 2342 tihi,
775 2283 845 2344 quod
862 2281 967 2331 brachia
982 2281 1074 2333 vellis.
1102 2317 1109 2332 .
1137 2318 1144 2335 .
1172 2321 1179 2333 .
1253 2284 1285 2342 ll,
1305 2280 1349 2332 62.

304 2352 451 2419 Qnodpiua
468 2358 493 2402 et
508 2352 617 2417 supplex
633 2350 791 2415 elephante,
811 2349 917 2412 Caesar,
934 2353 1073 2401 adorat..
1102 2386 1109 2401 .
1137 2389 1143 2402 .
1172 2389 1178 2403 .
1236 2351 1286 2415 Ep.
1305 2350 1347 2403 17.

303 2421 379 2487 Quod
393 2417 542 2485 quacunque
559 2422 644 2482 venis,
660 2419 779 2470 Cosmum
797 2421 908 2486 migrare
927 2428 1073 2486 putamus.
1102 2457 1108 2472 .
1137 2458 1144 2472 .
1171 2458 1179 2485 ,
1212 2421 1287 2485 ΙΙΙ,
1304 2420 1347 2472 55.

302 2491 380 2555 Quod
395 2489 529 2561 querulum
546 2488 639 2558 spirat
659 2491 728 2554 quod
744 2491 863 2541 acerbum
879 2489 976 2543 Naevia
993 2490 1069 2540 tussit
1101 2525 1109 2541 .
1137 2529 1144 2542 .
1171 2529 1178 2542 .
1253 2492 1284 2547 ΙΙ,
1304 2489 1346 2540 26.

302 2560 379 2624 Qnod
396 2574 498 2624 semper
513 2561 631 2623 casiaque
649 2562 815 2642 cinnamoque
826 2595 1178 2612 ...........
1240 2560 1285 2622 Vl,
1305 2559 1347 2610 55.

302 2624 379 2695 Quod
396 2644 498 2694 semper
513 2644 619 2694 superos
637 2628 716 2679 invito
732 2629 811 2680 iratrc
829 2630 926 2696 rogasti
962 2665 1179 2682 .......
1239 2630 1286 2689 IX,
1306 2629 1348 2680 51.

302 2699 379 2763 Quod
394 2699 477 2748 siccae
491 2699 588 2749 redolet
604 2699 677 2763 palus
693 2698 799 2749 lacunae
822 2733 1178 2750 ...........
1259 2699 1303 2759 lV,
1321 2699 1347 2748 4.

302 2768 379 2831 Quod
395 2768 476 2832 spirat
492 2776 579 2818 tenera
596 2768 691 2818 malum
704 2769 835 2819 mordente
851 2767 937 2832 puella
968 2803 1178 2819 .......
1241 2767 1284 2823 lll,
1303 2766 1347 2817 65.

248 2894 254 2901 ,
302 2838 379 2901 Quod
393 2846 446 2888 tam
462 2839 558 2902 grande
576 2834 672 2902 sophos
688 2836 785 2887 clamat
796 2837 844 2887 tibi
861 2838 936 2887 turba
952 2844 1074 2903 togata.
1103 2872 1109 2886 .
1137 2874 1143 2888 .
1172 2873 1178 2886 .
1242 2837 1286 2895 Vl,
1304 2834 1347 2885 48.

302 2908 378 2969 Quod
393 2915 420 2957 te
435 2907 558 2983 diripiunt
576 2908 731 2977 potentiores
754 2939 1178 2956 .............
1230 2905 1285 2967 Vll,
1306 2904 1347 2955 76.

303 2977 378 3040 Quod
393 2984 420 3026 te
436 2978 510 3026 mane
528 2977 597 3027 domi
614 2983 667 3025 toto
686 2991 735 3025 non
755 2975 867 3026 vrdtmns
881 2988 972 3025 anno.
1000 3009 1007 3025 .
1103 3009 1109 3023 .
1137 3010 1144 3023 .
1172 3010 1178 3024 .
1245 2975 1289 3034 lV,
1305 2973 1348 3024 26.

302 3046 379 3109 Quod
393 3054 420 3096 te
435 3049 536 3096 nomine
553 3047 604 3095 iam
622 3053 666 3095 tuo
684 3044 766 3094 saluto
788 3075 1179 3094 ............
1260 3043 1290 3102 ΙΙ,
1305 3041 1348 3093 68.

303 3115 379 3178 Quod
394 3116 442 3166 tibi
461 3130 536 3165 crura
552 3117 637 3180 rigent
650 3116 713 3163 setis
729 3120 755 3162 et
769 3120 874 3178 pectora
888 3112 955 3175 villis
968 3146 1179 3162 .......
1242 3111 1288 3172 Vl,
1305 3111 1347 3163 56.

303 3186 378 3245 Quod
392 3186 440 3235 tibi
457 3185 590 3235 Decembri
606 3199 706 3244 mense,
724 3197 774 3265 quo
793 3181 877 3232 volant
895 3196 1042 3248 mappae.
1103 3216 1110 3229 .
1138 3216 1145 3230 .
1173 3217 1180 3230 .
1251 3180 1285 3241 V,
1305 3180 1348 3231 18.
1384 3190 1387 3194 ⁴

303 3250 372 3316 Quos
390 3262 497 3320 cuperet
513 3254 654 3321 Phlegraea
670 3268 731 3302 suos
750 3252 857 3303 victoria
873 3251 970 3302 ludos.
998 3285 1005 3299 .
1103 3285 1110 3299 .
1138 3285 1145 3300 .
1173 3283 1181 3300 .
1225 3216 1291 3311 Vttl',
1307 3250 1349 3301 78.

804 3404 846 3488 ΙΙ.

304 3526 403 3592 Raptus
422 3522 477 3573 abit
494 3522 579 3573 media
598 3521 667 3585 quod
685 3523 718 3572 ad
735 3523 839 3573 aethera
856 3530 945 3574 taurus
960 3521 1077 3573 harena.
1103 3557 1110 3571 .
1137 3557 1144 3572 .
1170 3555 1178 3570 .
1234 3517 1284 3584 Ep.
1306 3514 1347 3570 16.

304 3595 371 3646 littra
386 3594 435 3644 tibi
453 3607 531 3641 curva
550 3592 671 3642 craticula
684 3592 760 3642 'audet
775 3593 853 3642 osella
865 3624 1178 3644 ..........
1200 3587 1268 3652 XIV,
1287 3587 1347 3639 221.

303 3665 384 3716 Raros
404 3661 509 3727 colligis
521 3661 582 3710 hinc
596 3668 621 3710 ct
635 3662 696 3711 hinc
712 3661 818 3727 capillos
831 3694 1179 3714 ...........
1251 3657 1284 3718 X,
1302 3656 1345 3708 33.

304 3736 407 3788 Raucae
423 3733 518 3782 chortis
534 3745 594 3782 aves
614 3741 639 3782 et
656 3745 706 3782 ora
722 3740 831 3790 matrum
1001 3766 1008 3780 .
1036 3767 1042 3780 .
1070 3763 1153 3840 ,ὼ
1175 3764 1182 3778 .
1236 3726 1357 3785 711531.
