3267 4409
679 509 803 558 SATIRA
825 509 871 587 lv.

383 646 489 703 mimus
517 644 629 703 calidae
651 645 760 704 iecisse
782 644 896 704 silentia
921 642 1022 703 turbae

415 739 442 787 ‘e
465 745 572 786 manus.
608 727 682 801 Quid
704 728 809 788 deinde
834 724 977 804 loquere?
1000 725 1144 802 Quirites,

452 831 477 883 ¹,
499 830 560 872 non
580 812 691 871 iustum
712 820 771 886 est,
794 812 871 871 illud
891 811 986 884 male,
1009 811 1123 870 rectius
1143 811 1230 870 illud.

509 896 612 954 iustum
634 895 748 970 gemina
770 893 951 970 suspendere
973 893 1056 952 lance
1238 905 1271 955 10

520 995 562 1043 ·e;
586 986 697 1035 rectum
718 977 874 1051 discernis,
897 976 945 1035 ubi
968 978 1043 1034 inter

246 1042 272 1143 δ
525 1059 572 1118 vel
596 1078 681 1137 quum
703 1059 777 1119 iallit
800 1061 876 1137 pede
899 1059 1001 1136 regula
1023 1075 1103 1133 varo,

371 1132 395 1183 θ
467 1166 481 1200 s
507 1144 618 1218 nigrum
644 1144 713 1202 vitio
735 1143 899 1220 praeligare
924 1138 1025 1201 theta?

442 1228 546 1301 igitur,
574 1243 682 1285 summa
704 1228 878 1303 nequiquam
898 1226 979 1303 pelle
1005 1225 1140 1300 decorus,

269 1304 294 1357 θ
389 1310 464 1367 diem
487 1308 592 1368 blando
615 1309 733 1368 caudam
755 1311 864 1368 iactare
886 1308 1005 1386 popello
1237 1321 1267 1371 15

339 1395 425 1466 nnis,
450 1391 604 1467 Anticyras
626 1392 729 1450 melior
750 1392 871 1451 sorbere
899 1391 1044 1451 meracas!

294 1493 372 1550 guae
394 1475 445 1534 tibi
467 1493 575 1534 summa
597 1475 665 1533 boni
687 1471 752 1533 est?
774 1485 857 1534 uncta
880 1476 989 1533 vixisse
1008 1475 1116 1553 patella

291 1561 413 1636 Semper
436 1567 464 1616 et
491 1559 606 1617 assiduo
635 1567 732 1617 curata
755 1559 879 1618 cuticula
902 1554 983 1617 solei

291 1641 454 1719 Exspecta,
478 1641 552 1700 haurd
574 1641 651 1700 aliud
674 1642 851 1718 respoudeat
872 1641 946 1700 baec
968 1659 1048 1700 anus.
1080 1640 1093 1700 l
1115 1659 1203 1699 nunc:

290 1725 493 1785 Dinomaches
513 1743 568 1802 ego
588 1743 671 1800 eam,
693 1724 793 1799 suilla,
816 1743 882 1784 som
905 1726 1061 1786 candidata
1075 1757 1118 1769 -·
1138 1733 1215 1803 esto;
1234 1734 1268 1785 20

292 1808 364 1867 Dum
389 1825 425 1865 ne
447 1807 574 1866 deterius
598 1809 691 1884 sapiat
713 1810 853 1885 pannucia
874 1808 988 1882 Baucis,

291 1891 384 1965 Quum
408 1890 483 1949 bene
504 1891 644 1949 discincto
667 1893 825 1950 cantaverit
850 1892 942 1949 ocima
964 1907 1082 1948 vernae.

332 1974 369 2034 Ut
391 1990 475 2032 nemo
495 1975 523 2032 in
544 1991 612 2033 sese
634 1982 754 2051 temptat
775 1972 971 2047 descendere,
997 1989 1093 2048 nemo,

291 2058 349 2117 Sed
372 2057 558 2135 praecedenti
581 2065 728 2135 spectatur
749 2058 871 2116 mantica
893 2055 991 2132 tergo!

292 2141 475 2214 Quaesieris:
496 2138 607 2199 Nostin'
634 2140 739 2199 Vettidi
760 2136 954 2218 praedia‘l-
976 2135 1137 2198 Cuiusi—
1232 2147 1267 2198 26

290 2224 381 2283 Dives
403 2231 465 2282 arat
487 2220 610 2282 Curibus
633 2232 766 2301 qnantum
788 2240 846 2283 non
867 2222 969 2282 milvos
992 2222 1119 2282 oberrat.
1132 2254 1173 2267 —

293 2307 374 2366 llunc
390 2307 449 2382 ais,
474 2306 548 2365 bunc
572 2305 614 2366 dis
641 2309 720 2366 iratis
743 2308 890 2397 genioque
912 2307 1038 2391 sipisim,

292 2389 364 2463 Qui,
387 2389 558 2467 quandoque
580 2391 676 2466 iugum
699 2400 817 2468 pertusa
838 2391 874 2450 ad
896 2391 1020 2467 compita
1045 2388 1116 2465 tigit,

292 2471 424 2532 Seriolae
445 2481 575 2532 veterem
597 2481 727 2534 metuens
753 2474 896 2534 deradere
919 2473 1014 2532 limum

291 2555 427 2632 Ingemit:
452 2556 509 2617 boc
529 2557 605 2617 bene
629 2559 688 2617 sit!
709 2559 864 2616 tunicatum
888 2576 952 2617 cum
973 2556 1036 2616 sale
1057 2556 1191 2617 mordens
1234 2563 1269 2615 30

293 2637 409 2716 Gaepe,
435 2648 465 2699 et
488 2639 622 2699 sarratam
646 2642 745 2717 pueris
769 2640 973 2718 plaudentibus
996 2640 1083 2699 ollam

292 2721 450 2782 Pannosam
471 2722 584 2782 faecem
608 2725 756 2782 morientis
778 2724 879 2783 sorbet
901 2720 1054 2782 aceti?—

291 2804 331 2864 At
355 2805 380 2863 si
403 2814 505 2864 unctus
528 2823 630 2865 cesses
654 2815 683 2866 et
705 2806 777 2883 figas
795 2807 823 2865 in
845 2815 912 2865 oute
936 2804 1039 2881 solem,

292 2887 345 2946 Est
366 2905 460 2965 prope
485 2897 515 2948 te
540 2890 674 2966 ignotus,
700 2889 796 2949 cubito
821 2890 868 2968 qui
892 2898 991 2964 tangat
1013 2897 1042 2947 et
1062 2903 1130 2945 acre

292 2969 436 3048 Despuat:
455 2971 487 3030 bi
508 2991 622 3048 mmee,
642 2990 811 3051 pennaque
829 2989 1008 3050 arcanoque
1029 2970 1120 3032 mnndi
1233 2976 1267 3028 35

292 3053 482 3114 Runcautem
500 3058 614 3133 populo
631 3063 802 3116 marcentes
820 3057 963 3133 peredere
981 3054 1103 3115 colcos!

293 3135 336 3196 'l'u
360 3154 445 3213 quum
467 3138 590 3197 maxillis
613 3137 775 3197 balanatum
795 3155 925 3216 gausape
945 3147 1057 3215 pectas,

292 3217 457 3294 inguinibus
479 3237 569 3296 quare
592 3221 730 3280 detonsus
751 3221 885 3297 gurgulio
908 3218 1022 3280 exstat‘l

293 3301 427 3379 Quinque
448 3303 635 3380 palaestritae
657 3304 727 3363 licet
747 3303 822 3362 baec
842 3303 981 3383 plantaria
1002 3302 1121 3374 vellant,

292 3382 451 3463 Elixasque
472 3394 554 3445 nates
577 3386 754 3446 labefactent
773 3386 886 3465 forcipe
909 3387 1028 3460 adunca,
1234 3392 1268 3445 lo

292 3466 358 3526 Non
376 3477 471 3528 tamen
493 3470 547 3528 ista
570 3469 631 3529 lilix
652 3469 712 3529 ullo
732 3471 908 3528 mansuescit
929 3477 1033 3528 aratro.

294 3548 464 3626 Caedimus,
489 3553 575 3631 inque
598 3554 692 3612 vicem
711 3551 884 3630 praebemus
908 3569 990 3611 crura
1010 3551 1132 3627 sagittis.

291 3632 404 3692 Vivitur
426 3634 484 3694 hoc
504 3644 607 3713 pacto;
634 3637 677 3695 sic
699 3637 838 3694 novimus.
877 3634 930 3694 ilia
953 3634 1053 3693 subter

293 3712 419 3777 Caecum
440 3718 543 3779 vulnus
565 3718 672 3786 babes;
696 3719 748 3779 sed
769 3718 828 3780 lato
849 3717 962 3780 balteus
984 3734 1053 3780 auro
