3267 4409
326 488 389 555 114
644 480 1041 547 mvmmnuuus
1088 560 1091 567 ¹
1190 474 1193 480 ·

368 654 403 707 10
452 642 573 701 Aureus
586 642 621 697 ut
639 636 749 716 Scorpi
764 622 856 696 nasus
870 637 986 715 ubique
1000 637 1118 698 micet?

410 726 569 799 Odrustra
581 719 740 801 locuples,
762 740 780 779 o
796 718 1004 780 dissimulator
1019 721 1124 800 amini,
1179 782 1182 789 ,

451 811 538 870 Haeo
549 805 630 886 legis
645 811 678 865 et
689 803 818 865 laudas?
847 804 933 882 Quae
947 804 1006 865 tibi
1019 803 1100 865 sama
1113 804 1218 887 periti

673 978 675 985 .
786 908 898 1001 xxm.

284 1116 289 1129 ¹
411 1051 501 1131 Quod
517 1049 700 1134 alpha'dixi,
721 1047 841 1127 Corde,
862 1045 1097 1128 paenulatorum

412 1140 461 1200 'l‘e
475 1156 589 1218 nuper,
611 1134 714 1213 aliqua
729 1153 796 1193 oum
811 1134 932 1193 iocarer
946 1135 980 1192 in
994 1133 1117 1214 charta,

412 1222 446 1283 Si
460 1223 543 1282 forte
559 1219 654 1281 bilem
669 1219 828 1277 movithie
842 1219 899 1277 tibi
913 1236 1036 1297 versus,
1116 1250 1119 1259 ·
1159 1220 1167 1233 ’

411 1306 503 1368 Dicas
516 1304 627 1367 licebit
642 1306 714 1365 beta
726 1321 775 1362 me
791 1306 975 1380 togatorum.

773 1437 778 1445 '
790 1433 914 1498 XXVII.

411 1553 570 1632 Ingenium
584 1548 779 1626 studiumque
794 1548 852 1607 tibi
866 1565 1030 1625 moresque
1045 1565 1207 1630 genusque
1254 1589 1261 1595 -

455 1636 534 1697 Sunt
548 1636 677 1713 equitis,
697 1633 814 1692 fateor:
836 1639 941 1692 cetera
953 1630 1055 1713 plebia
1068 1633 1175 1700 habes.
1262 1720 1264 1725 Ι

391 1887 468 1953 sois
484 1892 611 1967 septena
628 1886 685 1946 tibi
699 1904 760 1944 non
776 1890 847 1944 runt
861 1882 1009 1944 subsellia
1021 1885 1117 1966 tanti,

456 1972 499 2034 Ut
514 1971 623 2032 sedeas
636 1972 702 2031 viso
717 1969 850 2051 pallidus
866 1970 1001 2032 Oceano.

783 2103 920 2167 XXVHI.

415 2221 458 2280 Ut
471 2221 552 2281 bene
566 2218 712 2298 loquatur
727 2219 902 2296 sentiatque
919 2219 1110 2298 Mamercus,
1211 2254 1214 2262 ·

415 2305 552 2365 Efficere
566 2303 676 2380 nuliis,
699 2303 795 2380 Aule,
817 2305 953 2362 moribus
966 2305 1081 2382 possis:

414 2387 536 2447 Pietate
548 2389 663 2447 fratres
678 2389 802 2447 Curtios
816 2386 894 2446 lieet
910 2390 1027 2466 vineas,

418 2472 530 2546 Quiete
542 2473 675 2550 Neruas,
699 2473 844 2531 comitate
859 2472 1015 2550 Rusones,

393 2555 577 2619 §Probitate
593 2557 732 2634 Macros,
753 2558 908 2634 aequitate
924 2553 1095 2636 Mauricos,

416 2640 564 2700 Oratione
581 2641 732 2718 Regulos,
753 2642 830 2700 iocis
844 2639 973 2701 Paulosz
1051 2693 1062 2717 χ

416 2724 613 2802 Robiginosis
630 2731 739 2783 cuncta
756 2724 901 2785 dentibus
917 2725 1010 2787 rodit.

416 2809 580 2868 Hominem
595 2808 760 2886 malignum
777 2810 884 2869 forsan
899 2828 968 2868 esse
982 2816 1016 2869 tu
1030 2805 1155 2869 eredas:

415 2893 481 2972 Ego
497 2911 566 2953 esse
580 2895 726 2953 miserum
742 2893 854 2971 credo,
878 2896 925 2953 oui
940 2892 1043 2974 piacet
1055 2912 1156 2954 nemo.

796 3040 905 3102 XXIX.

421 3152 455 3213 Si
471 3152 591 3232 quando
607 3151 748 3235 leporem
762 3156 859 3215 mittis
873 3156 965 3234 mihi,
988 3151 1108 3232 Gellia,
1131 3153 1226 3234 diois,

460 3237 648 3317 „Formosus
664 3247 801 3321 septem,
823 3240 948 3319 Marce,
968 3238 1077 3299 diebus
1092 3240 1189 3299 eris.“

419 3321 530 3381 Sinon
546 3322 689 3402 derides,
712 3327 738 3385 si
752 3345 876 3404 verum,
896 3324 949 3385 lux
962 3342 1046 3403 mea,
1068 3343 1194 3403 narras,

458 3405 560 3468 Edisti
574 3428 745 3488 nunquam,
768 3409 886 3489 Gellia,
906 3418 941 3469 tu
954 3407 1106 3490 leporem.

808 3543 904 3606 XXX.

419 3655 536 3733 Varro,
559 3655 734 3736 Sophocleo
750 3677 810 3716 non
826 3655 986 3716 infitiande
1002 3657 1171 3734 cothurno,

461 3738 527 3800 Nee
540 3742 640 3800 minus
655 3742 688 3799 in
702 3741 835 3802 Calabra
849 3740 1045 3822 suspiciende
1060 3739 1146 3820 lyra,
