3267 4409
647 477 693 540 M.
708 475 800 540 VAL.
815 474 1041 541 MAltTlALIS

413 795 571 874 Tanquam
585 814 678 873 parra
693 794 778 867 foret
794 813 884 854 sexus
897 794 1010 854 iniuria
1023 796 1124 856 nostri
1197 832 1202 837 -

452 878 637 939 Foedandos
651 879 764 958 populo
779 879 977 958 prostituisse
990 897 1110 957 mares,

411 964 473 1025 lam
488 981 584 1022 cunae
600 960 721 1022 lenonis
735 969 840 1041 erant,
861 970 896 1022 ut
911 965 947 1023 ab
962 962 1058 1023 ubere
1074 968 1181 1045 raptus

455 1046 587 1107 Sordida
600 1047 702 1124 vagitu
718 1052 865 1126 posceret
879 1065 951 1106 aera
965 1062 1053 1127 puer.

393 1133 575 1194 olmmatura
589 1129 701 1190 dabant
713 1130 854 1191 infandas
871 1150 1001 1210 corpora
1014 1148 1139 1210 poenas.
1236 1156 1243 1164 ⁸

452 1216 521 1276 Non
536 1214 607 1273 tulit
621 1216 774 1274 Ausonius
786 1214 860 1274 talia
874 1221 1011 1275 monstra
1025 1220 1143 1294 pater,

410 1298 494 1360 ldcm
511 1299 563 1377 qni
579 1299 697 1358 teneris
711 1318 810 1379 nuper
825 1300 978 1359 succurrit
991 1300 1136 1378 ephebia,

452 1383 499 1443 Ne
512 1383 632 1442 faceret
647 1381 773 1443 steriles
788 1403 877 1443 saeva
889 1381 1093 1445 libido'viros.

410 1467 557 1527 Dilexere
572 1467 658 1546 prins
672 1469 762 1547 pueri
776 1469 964 1547 iuvenesque
979 1484 1148 1545 senesque,

311 1622 318 1632 ,
371 1562 405 1614 10
453 1553 495 1611 At
509 1569 591 1609 nnnc
604 1551 738 1612 infantes
750 1558 784 1612 te
799 1556 946 1633 quoque,
960 1552 1090 1630 Caesar,
1113 1558 1223 1612 amant.

816 1685 869 1748 111,
947 1669 955 1675 “

410 1796 462 1860 Nil
476 1794 661 1876 tibilegavit
674 1797 804 1875 Fabius,
825 1797 1007 1876 Bithynice,
1030 1798 1079 1857 cui
1093 1796 1129 1857 tu

452 1881 577 1957 Annua,
598 1883 624 1941 si
640 1882 780 1959 memini,
801 1880 885 1940 milia
899 1900 973 1941 sena
987 1881 1089 1942 dabas.
1233 1926 1238 1943 1

410 1963 485 2026 Plus
499 1966 577 2026 nulli
592 1963 678 2026 dedit
691 1964 763 2025 illes
786 1967 891 2044 queri,
907 1966 1094 2044 Bithynice,
1109 1962 1191 2026 noli:

452 2051 560 2112 Annua
573 2049 688 2130 legavit
700 2048 785 2110 milia
801 2068 875 2110 sena
888 2051 955 2110 tibi.
1033 2112 1041 2126 .

825 2185 863 2247 Χ.

412 2301 529 2379 (lenes,
552 2302 723 2379 Canthare,
746 2321 813 2362 cum
827 2302 904 2361 foris
917 2299 1071 2380 libenter,
1099 2315 1102 2320 ·
1183 2354 1186 2360 .

412 2384 530 2444 Clamas
545 2392 578 2444 et
592 2385 749 2445 maledicis
765 2393 798 2445 ct
812 2386 944 2445 minaris.

411 2468 553 2548 Deponas
569 2470 684 2528 animos
700 2476 820 2547 truces,
842 2488 1014 2530 monemus:

410 2552 506 2612 Liber
520 2571 582 2611 non
596 2561 686 2632 potes
704 2559 737 2613 et
749 2551 874 2633 gulosus
890 2571 968 2616 esse.

821 2687 872 2752 XI.

408 2804 528 2863 Nomen
543 2823 610 2863 cum
624 2801 712 2864 violis
727 2805 869 2885 rosisque
884 2812 1004 2886 natum,

411 2887 478 2963 Quo
492 2907 563 2967 pars
582 2890 696 2968 optima
710 2890 883 2949 nominatur
897 2892 986 2969 anni,

380 3013 382 3017 ,
409 2971 542 3052 Hyblam
558 2973 641 3050 quod
649 2975 735 3053 sapit
747 2974 930 3054 Atticosque
945 2976 1040 3036 flores
1050 3005 1065 3053 ‚-

410 3056 500 3132 Quod
514 3056 603 3116 nidos
619 3057 683 3117 olet
697 3056 778 3118 alitis
792 3062 962 3139 superbae;

388 3141 532 3202 §Nomen
546 3148 672 3202 nectare
690 3140 809 3204 dulcius
825 3145 933 3222 beato,

410 3226 477 3301 Quo
492 3225 597 3287 mallet
612 3226 746 3306 Cybeles
762 3246 842 3308 puer
856 3229 959 3288 vocari
1058 3288 1061 3295 ,

409 3309 452 3369 Et
467 3311 519 3389 qui
532 3309 643 3390 pocula
655 3316 810 3392 temperat
824 3310 975 3371 Tonanti:

408 3393 498 3468 Quod
514 3396 540 3452 si
553 3394 716 3454 Parrhasia
729 3413 821 3455 sones
835 3395 868 3453 in
884 3395 967 3471 aula,

408 3475 611 3557 Respondent
624 3478 765 3540 Veneres
783 3477 1031 3557 Cupidinesque3

368 3560 527 3623 10Nomen
542 3562 664 3639 nobile,
686 3560 798 3637 molle,
821 3560 985 3621 delicatum

409 3644 514 3705 Versu
528 3645 633 3706 dicere
648 3665 710 3705 non
725 3645 795 3705 rudi
809 3644 964 3705 volebam:

412 3727 476 3789 Sed
489 3735 523 3789 tu
538 3728 657 3808 syllaba
671 3735 831 3791 contumax
845 3748 1007 3812 repugnas.
