3267 4409
532 446 873 511 EPIGRAMMATON
885 450 959 515 Llll.
977 453 1025 513 lll.
1256 453 1296 517 81

348 605 454 665 Pectus
472 601 613 681 cicadae,
632 621 703 663 crus
719 600 869 681 colorque
883 602 1047 682 formicae,

350 689 546 769 Rugosiorem
560 707 629 747 cum
643 704 733 764 geras
749 685 829 746 stola
842 687 980 746 frontem

334 775 385 835 tllt
398 790 581 833 araneorum
595 772 731 831 cassibus
747 790 839 850 pares
853 789 1014 844 mammas;

350 858 419 918 lium
434 861 610 935 comparata
625 857 754 915 rictibus
769 857 831 915 tuis
849 874 903 914 ora

349 941 477 1001 Niliacus
491 942 606 1001 babeat
623 938 798 999 corcodilus
816 944 943 1016 angusta
1115 920 1142 979 0

350 1025 517 1104 Meliusque
532 1042 626 1084 ranae
641 1024 778 1101 garriant
791 1023 985 1082 Ravennates

350 1109 385 1169 lit
399 1111 546 1169 Atrianus
562 1107 683 1168 dulcius
698 1106 787 1167 culex
801 1113 906 1166 cantet

323 1193 518 1271 lillldeasqne
536 1200 680 1271 quantum
695 1198 825 1250 noctuae
841 1188 949 1248 vident
962 1209 1069 1267 manc,

351 1278 386 1337 nt
398 1275 478 1337 illud
493 1275 578 1336 oleas
597 1273 680 1353 quod
692 1276 751 1334 viri
767 1273 970 1353 capellarum,

351 1361 385 1421 ln
404 1361 502 1421 anatis
516 1360 631 1419 habeas
647 1359 862 1437 orthopygium
877 1377 997 1418 macrae

352 1445 519 1524 Senemque
535 1445 683 1522 Cynicum
698 1444 799 1502 vincat
815 1461 921 1501 osseus
937 1462 1069 1517 cunnus;

352 1530 420 1589 Cum
434 1538 467 1589 te
481 1527 612 1588 lucerna
625 1525 788 1587 balneator
802 1529 939 1585 extincta

325 1612 495 1673 liddmittat
508 1615 593 1671 inter
612 1612 783 1671 bustuarias
797 1611 958 1683 moechas;

353 1698 420 1757 Cum
435 1698 544 1757 bruma
558 1714 696 1757 mensem
713 1695 754 1753 sit
769 1695 825 1753 tibi
840 1713 898 1774 pcr
916 1695 1081 1771 Augustum

351 1781 497 1861 Regelare
512 1799 572 1840 uec
585 1788 619 1840 te
632 1779 827 1859 pestilenties
843 1779 957 1858 possit:

352 1866 451 1927 Audes
467 1864 617 1925 ducentas
631 1864 776 1943 nuptuire
791 1869 865 1943 post
880 1870 997 1920 mortes

308 2010 311 2021 ,
352 1950 515 2028 Virumque
533 1947 660 2008 demens
678 1948 834 2006 cineribus
847 1947 908 2006 tuis
925 1946 1047 2024 quaeris

326 2034 482 2095 lil'rurire.
513 2032 612 2112 Quid,
636 2033 758 2091 intuere
773 2033 841 2109 quis
855 2028 932 2090 velit
948 2026 1073 2087 saxum?

353 2120 420 2194 Quis
435 2118 597 2196 coniugem
611 2122 661 2192 te,
685 2116 753 2195 quis
766 2116 887 2175 vocabit
900 2130 1042 2189 uxorem,

353 2201 537 2263 Philomelus
552 2203 646 2261 aviam
663 2221 750 2279 quam
765 2204 926 2260 vocaverat
940 2213 1039 2277 nuper
1047 2195 1062 2252 ‘l
1120 2270 1123 2275 .

354 2287 435 2362 Quod
449 2288 476 2347 si
491 2285 621 2346 cadaver
635 2286 731 2363 exigis
746 2293 830 2344 tuum
842 2282 956 2361 scalpi,

355 2370 512 2431 Sternatur
530 2391 547 2430 a
562 2368 677 2431 Coride
692 2366 891 2428 archiclinico
905 2367 1023 2440 lectus,

328 2453 560 2515 ii'lalassionem
575 2455 626 2533 qui
642 2459 725 2514 tuum
741 2451 833 2512 decet
850 2450 950 2527 solus,

355 2539 503 2617 Ustorque
518 2538 625 2599 taedas
642 2539 801 2618 praeierat
815 2554 912 2596 novae
926 2536 1054 2612 nuptae:

355 2619 467 2684 lutrare
480 2625 515 2684 in
527 2625 620 2684 istum
636 2622 700 2683 sola
714 2622 765 2682 iux
778 2627 884 2700 potest
898 2635 1037 2680 cunnum.

726 2756 835 2817 XCIV.

357 2869 424 2932 llsse
438 2890 534 2950 negas
550 2876 670 2928 coctum
685 2868 826 2948 leporem
842 2873 1006 2951 poscisque
1021 2873 1150 2952 flagella.

392 2956 505 3034 lilavis,
526 2954 625 3031 Rufe,
645 2973 754 3014 cocum
769 2955 929 3034 scindere,
953 2977 1042 3036 qnam
1056 2958 1204 3040 leporem.

737 3089 832 3150 XCV.

359 3199 508 3281 Nunquam
524 3202 601 3263 dicis
616 3221 687 3281 ave,
708 3202 765 3263 sed
779 3201 905 3282 reddis,
926 3203 1080 3283 Naeuole,
1102 3221 1242 3285 semper,

394 3286 481 3363 Quod
496 3289 583 3366 prior
597 3294 629 3347 et
641 3308 749 3347 coruus
762 3286 868 3346 dicere
881 3307 973 3368 saepe
989 3287 1079 3348 solet.

362 3367 415 3431 Gur
428 3372 488 3432 hoc
504 3378 648 3451 expectas
663 3392 679 3431 a
693 3390 742 3434 me
756 3391 849 3449 rogo,
872 3371 1024 3450 Naerolc,
1047 3370 1144 3431 dicas:

395 3456 466 3514 Nam
480 3463 555 3535 puto
571 3474 619 3515 me
634 3453 761 3533 melior,
783 3455 931 3532 Naerole,
954 3474 1013 3514 nec
1028 3457 1171 3535 priores.

347 3534 491 3601 tPracmia
505 3538 628 3599 laudato
645 3541 756 3599 tribuit
769 3541 844 3599 mihi
861 3541 974 3598 Caesar
987 3547 1120 3618 uterque

397 3624 604 3702 Natorumque
619 3622 707 3682 dedit
721 3625 787 3682 iura
802 3630 931 3703 paterna
945 3624 1056 3698 trium3

363 3703 416 3766 Ore
428 3708 518 3788 legor
533 3706 630 3768 multo
644 3715 811 3786 notumque
826 3726 884 3789 per
899 3705 1012 3786 oppida
1026 3725 1138 3768 nomen

335 3782 418 3854 llruu.
1081 3791 1104 3856 6
