3267 4409
697 455 823 506 suumn
842 458 890 508 tv.

297 593 371 654 Nam
392 593 460 655 mibi
484 602 626 657 commota
647 594 807 657 iamdudum
829 597 918 657 mulio
938 601 1022 676 virga
1119 582 1127 599 ’

298 677 420 739 Annuit:
446 696 520 756 ergo
542 679 609 739 vale
631 681 722 739 nostri
743 698 867 757 memor,
891 691 921 741 et
940 684 1055 762 quoties
1078 693 1109 745 te

298 760 391 822 Roma
413 770 463 821 tuo
485 764 567 823 reflui
588 773 793 842 properantem
813 765 917 826 reddet
941 766 1068 846 Aquino,

298 843 346 903 ble
369 862 486 925 quoqne
509 848 544 906 ad
561 847 711 907 Helvinam
728 845 868 909 Cererem
888 859 1073 931 vestramque
1091 850 1211 914 Dianam
1233 864 1285 919 3⁶20

299 925 445 989 Converte
469 948 485 990 a
506 927 619 991 Cumis:
640 932 790 992 satirarum
814 949 887 1010 ego,
910 935 939 993 ni
961 935 1052 1012 pudet
1072 934 1152 1015 illas,
1233 1006 1236 1011 ,

297 1011 423 1072 Adiutor
443 1014 559 1091 gelidos
581 1014 694 1075 veniam
716 1015 858 1094 caligatus
881 1017 910 1076 iu
930 1034 1031 1095 agros.
1129 1040 1133 1045 ·

690 1218 884 1233 m

634 1365 867 1434 SATIRA
900 1367 961 1433 IV.

298 1465 384 1562 Ecce
407 1497 509 1558 itemm
535 1495 701 1577 Crispinus,
726 1507 755 1558 et
776 1507 821 1560 est
840 1498 906 1558 mihi
928 1515 1020 1579 saepe
1041 1501 1190 1562 vocandus

297 1583 344 1642 Ad
366 1589 482 1659 partes,
509 1592 664 1643 monstrum
689 1583 767 1643 nulla
790 1583 896 1643 virtute
916 1583 1099 1664 redemptum

300 1667 326 1726 A
349 1667 442 1741 vitiis,
464 1682 572 1743 aegrae
594 1666 717 1746 solaque
740 1666 858 1728 libidine
880 1667 974 1737 ifle:

298 1749 445 1810 Deliciae:
468 1750 568 1810 viduas
592 1757 698 1811 tautum
718 1760 872 1830 spernatur
895 1751 1020 1812 adulter.

299 1833 375 1908 Quid
397 1833 488 1892 refert
509 1834 612 1911 igitur,
636 1834 748 1913 quantis
770 1837 895 1895 iumenta
915 1833 1021 1913 fatiget
1268 1850 1284 1901 5
1374 1833 1377 1841 '

298 1917 478 1993 lodicibus,
503 1925 605 1995 quanta
627 1935 775 1978 nemorum
794 1927 927 1979 vectetur
948 1919 977 1977 in
999 1916 1109 1995 umbra,
1127 1992 1130 1996 .

299 2001 405 2079 Iugera
427 2010 496 2079 quot
515 2003 609 2063 vicina
630 2001 711 2077 loro,
734 2019 806 2080 quas
829 2002 930 2062 emerit
953 1997 1063 2062 aedes?

299 2079 391 2146 liemo
413 2084 505 2144 malus
530 2085 616 2161 felix,
638 2086 753 2145 minime
775 2093 929 2163 corruptor
951 2084 981 2143 et'
1002 2084 1079 2144 idem

299 2168 448 2245 Incestus,
471 2186 535 2229 eum
557 2185 614 2248 quo
639 2186 731 2248 nuper
755 2170 856 2229 vittata
881 2166 995 2228 iacebat

300 2253 446 2330 Sanguine
470 2253 562 2313 adbuc
584 2253 651 2314 vivo
674 2261 779 2312 terram
801 2251 929 2312 subitura
951 2250 1102 2311 sacerdos.

301 2338 361 2397 Sed
385 2353 460 2396 nunc
481 2336 516 2397 de
536 2336 622 2396 iactis
643 2336 819 2397 levioribus:
846 2343 876 2395 et
897 2344 993 2396 tamen
1015 2334 1090 2395 alter

300 2422 332 2481 Si
354 2420 475 2481 lecisset
496 2420 587 2497 idem,
610 2420 728 2483 caderet
749 2419 803 2480 sub
825 2419 920 2480 iudice
942 2436 1067 2487 morum:

300 2504 372 2565 Nam
395 2504 472 2582 quod
493 2513 576 2582 turpe
598 2504 698 2581 bonis,
721 2503 796 2565 Titio
820 2503 966 2583 Seioque,
990 2500 1116 2564 decebat

302 2587 480 2667 Crispinum:
503 2587 570 2667 quid
592 2606 679 2666 agas,
702 2607 787 2668 quum
808 2587 870 2649 dira
892 2597 922 2649 et
942 2587 1158 2650 foedinrumni

283 2670 427 2732 -crtmtne
449 2689 575 2750 persona
598 2668 663 2733 esti
705 2670 824 2733 ttulluu
849 2690 903 2733 sex
935 2671 1050 2731 milibus
1071 2671 1149 2748 emit,

301 2756 482 2834 Aequantem
504 2773 574 2816 sane
596 2755 713 2833 paribus
734 2754 870 2816 sestertia
890 2753 983 2831 libris,

302 2839 341 2901 Ut
362 2839 530 2918 perhibent,
553 2840 603 2918 qui
627 2840 664 2899 dc
684 2839 795 2916 magnis
816 2841 925 2899 maiora
950 2839 1115 2918 loquuntur.

304 2922 461 2983 Consilium
483 2923 570 2985 laudo
593 2922 727 2998 artificis,
750 2924 774 2982 si
795 2937 914 2982 munere
935 2930 1015 2982 tanto

301 3007 490 3086 Praecipuum
508 3009 537 3068 in
558 3006 663 3067 tabulis
688 3022 784 3066 ceram
808 3006 887 3065 senis
912 3002 1031 3065 abstulit
1051 3002 1133 3071 orbi:

302 3090 356 3150 Est
377 3093 451 3152 ratio
473 3090 611 3167 ulterior,
636 3107 758 3167 magnae
777 3088 802 3147 si
825 3089 902 3148 misit
922 3089 1043 3165 amicae,

303 3174 386 3248 Quae
407 3175 522 3236 rebitur
545 3173 645 3235 clauso
668 3173 734 3233 latis
756 3164 958 3250 specularibu’s
981 3179 1074 3232 antro.

301 3257 349 3318 Nil
371 3257 430 3319 tale
453 3268 626 3338 exspectes:
650 3258 717 3318 emit
740 3255 805 3317 sibi.
845 3254 938 3324 ,llulta
957 3256 1099 3330 videmus,

302 3342 385 3415 Quae
407 3344 495 3404 miser
517 3352 547 3404 et
567 3343 644 3421 frugi
667 3359 726 3401 non
747 3339 819 3401 lecit
840 3338 976 3418 Apicius!
1019 3337 1084 3398 lloc
1103 3345 1145 3413 tu,

304 3427 476 3487 Succinctus
497 3428 590 3506 patria
613 3426 771 3506 quondam,
798 3421 1096 3503 Crispine,.papyrn,

302 3510 366 3570 lloc
387 3513 482 3590 pretio
503 3507 672 3591 squamam?
704 3509 800 3571 Potuit
821 3507 947 3569 fortasse
968 3506 1086 3566 minoris
1145 3566 1148 3571 ,
1203 3564 1206 3569 .

304 3594 437 3655 Piscator
460 3613 544 3673 quam
566 3596 656 3674 piscis
676 3595 748 3665 emi;
771 3592 920 3672 provincia
941 3592 1012 3653 tanti

302 3677 410 3740 Vendit
432 3696 539 3757 agros,
560 3681 614 3742 sed
635 3680 762 3742 maiores
784 3676 912 3757 Appulia
932 3674 1040 3739 vendit.

1095 3754 1134 3818 εὶ*
