3267 4409
464 445 802 509 EPIGRAMMA'I'DN
815 446 890 510 LIB.
905 447 983 510 XIII.
1183 446 1247 510 317

590 648 668 708 XCI.
694 649 866 728 Acipensis.

291 765 340 826 Ad
354 762 509 823 Palatinas
524 763 699 841 acipensem
715 762 976 844 mittitemensas.

332 848 511 909 Ambrosias
526 851 639 906 ornent
654 864 782 904 munera
795 865 866 904 rara
881 843 990 931 dapes.

594 980 685 1040 XCII.
708 978 856 1060 Lepores.

289 1084 374 1144 Inter
389 1062 459 1140 aves
474 1077 598 1157 turdus,
620 1081 646 1138 si
663 1078 735 1156 quid
749 1097 798 1138 me
812 1077 916 1138 iudice
931 1083 1050 1138 certum
1065 1083 1129 1156 est,

331 1169 417 1227 Inter
432 1163 647 1245 quadrupedes
661 1170 774 1223 mattea
787 1164 887 1243 prima
901 1161 999 1243 lepos.

611 1297 715 1358 XCIII.
740 1296 835 1378 Aper.

291 1399 351 1476 Qui
366 1394 535 1457 Diomediis
551 1395 734 1454 metuendus
749 1397 867 1474 setiger
881 1395 961 1473 agris

312 1520 314 1525 ,
332 1481 443 1542 Aetola
455 1480 569 1540 cecidit
584 1479 728 1560 cuspide,
750 1480 820 1539 talis
837 1486 913 1539 erat.
995 1506 997 1517 ·

577 1612 685 1674 XCIV.
710 1612 874 1673 Dammae.

290 1710 392 1770 Dente
406 1711 533 1770 timetur
548 1728 639 1789 aper,
662 1708 835 1770 defendunt
851 1726 965 1770 cornua
976 1726 1114 1768 cervom:

331 1793 476 1855 imbelles
492 1794 627 1855 dammae
643 1794 734 1875 quid,
755 1796 815 1855 nisi
831 1790 964 1876 praeda,
987 1793 1112 1853 snmus?

620 1926 715 1989 XCV.
741 1926 837 2004 Oryx.

290 2026 511 2086 Matutinarum
530 2047 592 2086 non
605 2025 714 2087 ultima
727 2027 843 2107 praeda
856 2028 992 2087 fororum

332 2110 445 2170 Saevos
461 2130 537 2190 oryx
553 2118 673 2171 constat
688 2119 763 2190 quot
776 2113 852 2171 mihi
866 2117 967 2171 morte
982 2113 1104 2172 conum!

598 2242 706 2304 XCVI.
733 2241 856 2303 Cervos.

289 2339 350 2398 Hic
365 2345 433 2399 erat
447 2338 501 2399 ille
515 2344 568 2400 tuo
587 2340 735 2416 domitus,
757 2340 922 2420 Cyparisso
930 2340 943 2419 ‚'
962 2341 1118 2420 capistro?

331 2424 382 2484 An
395 2425 490 2502 magIs
504 2425 564 2484 iste
582 2431 666 2502 tuus,
689 2424 798 2502 Silvia,
821 2425 1033 2485 corroserat?
1137 2426 1141 2444 '

589 2556 712 2619 XCVII.
736 2555 867 2619 Lalisio.
910 2597 913 2600 ι

290 2655 369 2714 Dum
385 2649 475 2714 tene'r
491 2661 539 2714 est
554 2673 669 2732 onager
686 2653 814 2734 solaque
824 2654 931 2716 ¹lalisio
946 2662 1045 2716 matre

333 2739 490 2817 Pascitur,
511 2740 571 2801 hoc
584 2740 701 2818 infans,
723 2739 780 2800 sed
795 2743 889 2800 breve
903 2759 1016 2801 nomen
1031 2740 1137 2802 habet.

581 2871 717 2936 XCVIII.
742 2872 876 2932 Dorcas.

291 2965 444 3028 Delicium
458 2987 550 3046 parvo
567 2967 694 3029 donabis
710 2967 842 3028 dorcada
856 2975 960 3049 nato:¹

333 3053 455 3111 lactatIs
471 3051 552 3113 solet
564 3054 643 3112 hanc
658 3053 783 3112 mittere
799 3053 889 3113 turba
901 3053 992 3132 togis.

595 3186 701 3247 XCIX.
727 3185 859 3266 Caprea.

292 3285 487 3346 Pendentem
504 3306 619 3346 summa
634 3303 776 3365 capream
791 3283 830 3343 de
844 3301 920 3364 rupe
935 3282 1069 3344 videbis:

337 3371 484 3433 Casuram
498 3389 624 3452 speres;
647 3369 780 3450 despicit
796 3366 853 3429 illa
868 3386 968 3430 canes.

637 3505 672 3570 C.
696 3505 833 3584 Onager.

294 3599 433 3661 Pulcher
450 3601 538 3662 adest
552 3621 681 3680 onager:
704 3603 786 3661 mitti
801 3602 924 3664 venatio
940 3599 1034 3660 debet

334 3685 445 3746 Dentis
456 3686 637 3766 Erythraei:
653 3688 713 3748 iam
727 3692 889 3747 removete
900 3685 991 3747 siuns.
1026 3750 1029 3755 ,
