3267 4409
697 352 703 367 Ι

624 374 631 385 1

326 535 388 600 ano
430 627 434 637 1
504 494 1184 625 M.v2in.n1nlaninmsn1²1nn.n.x1n.

588 791 595 801 .
699 739 804 799 CXXI.
828 739 1000 821 Pelignum.
1021 732 1031 742 χ
1163 795 1174 804 ,

410 852 544 912 Marsica
559 848 683 933 Peligni
696 848 822 908 mittunt
836 851 958 909 turbata
972 842 1089 910 colonis

452 936 521 995 Non
535 941 585 1014 tu,
606 933 738 995 libertus
755 933 812 992 sed
826 934 912 995 bibat
924 932 979 994 illa
993 940 1073 995 tuus.

686 1066 821 1136 CXXII.
845 1068 990 1128 Acetum.

410 1169 566 1248 Amphora
580 1166 690 1228 Niliaci
705 1185 768 1224 non
787 1167 828 1224 sit
840 1166 899 1225 tibi
913 1165 983 1225 vilis
1000 1168 1095 1226 aneti:

450 1254 543 1313 Esset
557 1272 623 1312 cum
637 1251 755 1328 vinum,
777 1249 867 1310 vilior
881 1248 935 1309 illa
948 1250 1015 1309 fuit.

647 1383 777 1446 CXXIII.
802 1382 1043 1445 Massilitanum.

396 1460 488 1546 ¹Cum
502 1492 554 1545 tna
571 1490 720 1544 centenos
735 1489 892 1562 expunget
906 1481 1046 1562 sportula
1060 1483 1159 1562 cives,

451 1569 567 1630 Fumea
580 1567 740 1629 Massiliae
753 1585 872 1648 ponere
889 1568 959 1626 vina
969 1573 1071 1645 potes.
1100 1608 1110 1623 .

657 1700 791 1763 cxxlv.
816 1698 1033 1761 Caeretanum.

412 1800 583 1860 Caeretana
597 1800 701 1879 Nepos
717 1804 827 1878 ponat,
845 1799 951 1857 Setina
966 1799 1096 1878 putabis.

449 1870 623 1979 ¹Non⁸ponit
638 1885 763 1960 turbae,
786 1902 853 1941 oum
867 1883 967 1942 tribus
981 1881 1037 1942 illa
1050 1884 1138 1944 bibit.

666 2015 787 2078 CXXV.
815 2015 1029 2077 ibrentiazum.

411 2116 530 2177 Nobilis
544 2121 577 2176 et
590 2112 671 2175 lanis
686 2121 719 2174 et
735 2112 812 2173 felix
826 2108 939 2174 vitibus
956 2112 1058 2174 Aulon

452 2203 514 2262 Det
527 2201 665 2282 pretiosa
678 2198 737 2258 tibi
751 2197 886 2276 vellera,
906 2199 976 2259 vina
989 2199 1074 2259 mihi.

653 2332 787 2395 CXXVI.
818 2330 1030 2415 Unguentum.

409 2432 605 2509 Unguentum
619 2429 731 2490 heredi
747 2450 901 2509 nunqnam
916 2449 975 2500 neo
988 2431 1058 2491 vina
1071 2428 1239 2511 'relinquas

453 2515 511 2576 ille
526 2516 640 2582 habeat
655 2534 809 2593 nummos,
827 2517 903 2575 haec
919 2515 976 2574 tibi
990 2519 1057 2575 tota
1072 2514 1153 2576 dato.

639 2647 787 2711 CXXVII.
813 2647 937 2710 Corona
951 2669 1051 2710 rosea.

408 2746 469 2807 Dat
482 2746 660 2826 festinata,
683 2747 814 2826 Caesar,
831 2748 889 2807 tibi
903 2748 1010 2808 bruma
1027 2766 1171 2808 toronus:

451 2831 495 2894 Ut
510 2829 662 2910 quondam
677 2831 777 2912 veris,
791 2850 873 2892 nnnc
885 2838 938 2892 tuo
951 2831 1034 2893 facta
1050 2843 1195 2894 nossent,

755 3094 944 3119 -Ψ--η
