<?xml version="1.0" encoding="UTF-8"?>
<!DOCTYPE html PUBLIC "-//W3C//DTD XHTML 1.0 Transitional//EN"
    "http://www.w3.org/TR/xhtml1/DTD/xhtml1-transitional.dtd">
<html xmlns="http://www.w3.org/1999/xhtml" xml:lang="en" lang="en">
 <head>
  <title>
</title>
<meta http-equiv="Content-Type" content="text/html;charset=utf-8" />
  <meta name='ocr-system' content='tesseract 3.04.00' />
  <meta name='ocr-capabilities' content='ocr_page ocr_carea ocr_par ocr_line ocrx_word'/>
</head>
<body>
  <div class='ocr_page' id='page_1' title='image "./mvalmartialisep00martgoog_0595.png"; bbox 0 0 3267 4409; ppageno 0'>
   <div class='ocr_carea' id='block_1_1' title="bbox 357 539 899 629">
    <p class='ocr_par' dir='ltr' id='par_1_1' title="bbox 357 539 899 629">
     <span class='ocr_line' id='line_1_1' title="bbox 357 539 899 629; baseline -0.011 0"><span class='ocrx_word' id='word_1_1' title='bbox 357 571 377 629; x_wconf 83' lang='lat'>6</span> <span class='ocrx_word' id='word_1_2' title='bbox 763 539 767 552; x_wconf 74' lang='lat'>&#39;</span> <span class='ocrx_word' id='word_1_3' title='bbox 786 575 899 624; x_wconf 81' lang='lat' dir='ltr'>rsasn</span> 
     </span>
    </p>
   </div>
   <div class='ocr_carea' id='block_1_2' title="bbox 327 715 1380 3881">
    <p class='ocr_par' dir='ltr' id='par_1_2' title="bbox 327 715 1380 3881">
     <span class='ocr_line' id='line_1_2' title="bbox 357 715 1349 797; baseline 0.001 -18"><span class='ocrx_word' id='word_1_4' title='bbox 357 721 429 794; x_wconf 78' lang='lat' dir='ltr'>Quis</span> <span class='ocrx_word' id='word_1_5' title='bbox 452 720 551 797; x_wconf 92' lang='lat' dir='ltr'>potior</span> <span class='ocrx_word' id='word_1_6' title='bbox 571 717 674 791; x_wconf 80' lang='lat' dir='ltr'>iudex,</span> <span class='ocrx_word' id='word_1_7' title='bbox 700 717 838 794; x_wconf 84' lang='lat' dir='ltr'>puerisve</span> <span class='ocrx_word' id='word_1_8' title='bbox 862 717 925 794; x_wconf 88' lang='lat' dir='ltr'>quis</span> <span class='ocrx_word' id='word_1_9' title='bbox 947 717 1043 794; x_wconf 90' lang='lat' dir='ltr'>aptior</span> <span class='ocrx_word' id='word_1_10' title='bbox 1064 715 1165 776; x_wconf 83' lang='lat' dir='ltr'>orbis?</span> <span class='ocrx_word' id='word_1_11' title='bbox 1303 718 1349 780; x_wconf 77' lang='lat' dir='ltr'>2&#39;o&#39;</span> 
     </span>
     <span class='ocr_line' id='line_1_3' title="bbox 356 799 1291 879; baseline -0.005 -16"><span class='ocrx_word' id='word_1_12' title='bbox 356 803 420 863; x_wconf 90' lang='lat' dir='ltr'>lloc</span> <span class='ocrx_word' id='word_1_13' title='bbox 442 804 545 879; x_wconf 84' lang='lat' dir='ltr'>igitur,</span> <span class='ocrx_word' id='word_1_14' title='bbox 571 818 640 878; x_wconf 71' lang='lat' dir='ltr'>quo‘</span> <span class='ocrx_word' id='word_1_15' title='bbox 654 809 684 859; x_wconf 94' lang='lat' dir='ltr'>tu</span> <span class='ocrx_word' id='word_1_16' title='bbox 706 799 785 859; x_wconf 86' lang='lat' dir='ltr'>Iovis</span> <span class='ocrx_word' id='word_1_17' title='bbox 809 818 907 859; x_wconf 88' lang='lat' dir='ltr'>aurem</span> <span class='ocrx_word' id='word_1_18' title='bbox 929 800 1080 878; x_wconf 84' lang='lat' dir='ltr'>impellere</span> <span class='ocrx_word' id='word_1_19' title='bbox 1106 809 1240 878; x_wconf 86' lang='lat' dir='ltr'>temptas,</span> <span class='ocrx_word' id='word_1_20' title='bbox 1288 844 1291 848; x_wconf 83' lang='lat'><em>-</em></span> 
     </span>
     <span class='ocr_line' id='line_1_4' title="bbox 356 881 1227 962; baseline -0.003 -16"><span class='ocrx_word' id='word_1_21' title='bbox 356 887 412 946; x_wconf 87' lang='lat' dir='ltr'>Dic</span> <span class='ocrx_word' id='word_1_22' title='bbox 433 885 556 962; x_wconf 80' lang='lat' dir='ltr'>agedum</span> <span class='ocrx_word' id='word_1_23' title='bbox 579 885 675 943; x_wconf 80' lang='lat' dir='ltr'><strong>Staio:</strong></span> <span class='ocrx_word' id='word_1_24' title='bbox 699 901 758 961; x_wconf 89' lang='lat' dir='ltr'>pro</span> <span class='ocrx_word' id='word_1_25' title='bbox 777 881 937 961; x_wconf 84' lang='lat' dir='ltr'>luppiter!</span> <span class='ocrx_word' id='word_1_26' title='bbox 956 903 974 945; x_wconf 92' lang='lat' dir='ltr'>o</span> <span class='ocrx_word' id='word_1_27' title='bbox 996 884 1087 959; x_wconf 83' lang='lat' dir='ltr'>bone,</span> <span class='ocrx_word' id='word_1_28' title='bbox 1112 883 1227 960; x_wconf 83' lang='lat' dir='ltr'>claruet,</span> 
     </span>
     <span class='ocr_line' id='line_1_5' title="bbox 357 963 1121 1048; baseline -0.007 -18"><span class='ocrx_word' id='word_1_29' title='bbox 357 969 512 1048; x_wconf 80' lang='lat' dir='ltr'>Iuppiter!</span> <span class='ocrx_word' id='word_1_30' title='bbox 533 976 561 1027; x_wconf 92' lang='lat' dir='ltr'>at</span> <span class='ocrx_word' id='word_1_31' title='bbox 582 985 650 1026; x_wconf 88' lang='lat' dir='ltr'>sese</span> <span class='ocrx_word' id='word_1_32' title='bbox 673 984 730 1026; x_wconf 90' lang='lat' dir='ltr'>non</span> <span class='ocrx_word' id='word_1_33' title='bbox 756 966 861 1026; x_wconf 90' lang='lat' dir='ltr'>clamet</span> <span class='ocrx_word' id='word_1_34' title='bbox 882 965 1013 1044; x_wconf 89' lang='lat' dir='ltr'>luppiter</span> <span class='ocrx_word' id='word_1_35' title='bbox 1035 963 1121 1043; x_wconf 77' lang='lat' dir='ltr'>ipse?</span> 
     </span>
     <span class='ocr_line' id='line_1_6' title="bbox 357 1049 1155 1130; baseline -0.004 -20"><span class='ocrx_word' id='word_1_36' title='bbox 357 1053 509 1130; x_wconf 82' lang='lat' dir='ltr'>ignovisse</span> <span class='ocrx_word' id='word_1_37' title='bbox 532 1059 632 1128; x_wconf 84' lang='lat' dir='ltr'>putas,</span> <span class='ocrx_word' id='word_1_38' title='bbox 657 1051 741 1129; x_wconf 84' lang='lat' dir='ltr'>quia,</span> <span class='ocrx_word' id='word_1_39' title='bbox 762 1067 848 1129; x_wconf 89' lang='lat' dir='ltr'>quum</span> <span class='ocrx_word' id='word_1_40' title='bbox 871 1057 966 1125; x_wconf 82' lang='lat' dir='ltr'>tonat,</span> <span class='ocrx_word' id='word_1_41' title='bbox 992 1051 1073 1108; x_wconf 92' lang='lat' dir='ltr'>ocius</span> <span class='ocrx_word' id='word_1_42' title='bbox 1095 1049 1155 1111; x_wconf 85' lang='lat' dir='ltr'>ilex</span> 
     </span>
     <span class='ocr_line' id='line_1_7' title="bbox 357 1129 1337 1210; baseline -0.005 -15"><span class='ocrx_word' id='word_1_43' title='bbox 357 1136 479 1196; x_wconf 88' lang='lat' dir='ltr'>Suliure</span> <span class='ocrx_word' id='word_1_44' title='bbox 497 1134 646 1194; x_wconf 76' lang='lat' dir='ltr'>discutitur</span> <span class='ocrx_word' id='word_1_45' title='bbox 665 1151 751 1192; x_wconf 90' lang='lat' dir='ltr'>sacro</span> <span class='ocrx_word' id='word_1_46' title='bbox 772 1150 856 1210; x_wconf 92' lang='lat' dir='ltr'>quam</span> <span class='ocrx_word' id='word_1_47' title='bbox 878 1140 966 1210; x_wconf 90' lang='lat' dir='ltr'>tuque</span> <span class='ocrx_word' id='word_1_48' title='bbox 989 1129 1169 1210; x_wconf 76' lang='lat' dir='ltr'>domusque?</span> <span class='ocrx_word' id='word_1_49' title='bbox 1247 1159 1252 1171; x_wconf 32' lang='grc' dir='ltr'>κ</span> <span class='ocrx_word' id='word_1_50' title='bbox 1302 1146 1337 1198; x_wconf 76' lang='lat'>25</span> 
     </span>
     <span class='ocr_line' id='line_1_8' title="bbox 357 1215 1142 1295; baseline -0.005 -18"><span class='ocrx_word' id='word_1_51' title='bbox 357 1221 402 1278; x_wconf 81' lang='lat' dir='ltr'>An</span> <span class='ocrx_word' id='word_1_52' title='bbox 425 1219 568 1295; x_wconf 90' lang='lat' dir='ltr'>quianon</span> <span class='ocrx_word' id='word_1_53' title='bbox 591 1216 669 1275; x_wconf 87' lang='lat' dir='ltr'>libris</span> <span class='ocrx_word' id='word_1_54' title='bbox 693 1219 787 1275; x_wconf 80' lang='lat' dir='ltr'>onium</span> <span class='ocrx_word' id='word_1_55' title='bbox 809 1215 1003 1293; x_wconf 83' lang='lat' dir='ltr'>Ergennaque</span> <span class='ocrx_word' id='word_1_56' title='bbox 1026 1216 1142 1274; x_wconf 90' lang='lat' dir='ltr'>iubente</span> 
     </span>
     <span class='ocr_line' id='line_1_9' title="bbox 327 1298 1063 1377; baseline 0.006 -22"><span class='ocrx_word' id='word_1_57' title='bbox 327 1345 332 1355; x_wconf 90' lang='lat'><em>.</em></span> <span class='ocrx_word' id='word_1_58' title='bbox 357 1302 452 1361; x_wconf 84' lang='lat' dir='ltr'>Triste</span> <span class='ocrx_word' id='word_1_59' title='bbox 480 1303 559 1360; x_wconf 91' lang='lat' dir='ltr'>iaces</span> <span class='ocrx_word' id='word_1_60' title='bbox 585 1299 659 1359; x_wconf 90' lang='lat' dir='ltr'>lucis</span> <span class='ocrx_word' id='word_1_61' title='bbox 682 1299 903 1377; x_wconf 86' lang='lat' dir='ltr'>evitandumque</span> <span class='ocrx_word' id='word_1_62' title='bbox 925 1298 1063 1374; x_wconf 77' lang='lat' dir='ltr'>bidental,</span> 
     </span>
     <span class='ocr_line' id='line_1_10' title="bbox 357 1343 1121 1460; baseline -0.004 -16"><span class='ocrx_word' id='word_1_63' title='bbox 357 1385 470 1444; x_wconf 80' lang='lat' dir='ltr'>ldciico</span> <span class='ocrx_word' id='word_1_64' title='bbox 494 1383 626 1443; x_wconf 84' lang='lat' dir='ltr'>stolidam</span> <span class='ocrx_word' id='word_1_65' title='bbox 650 1381 773 1460; x_wconf 88' lang='lat' dir='ltr'>praebet</span> <span class='ocrx_word' id='word_1_66' title='bbox 794 1382 845 1442; x_wconf 89' lang='lat' dir='ltr'>tibi</span> <span class='ocrx_word' id='word_1_67' title='bbox 867 1383 981 1443; x_wconf 86' lang='lat' dir='ltr'>vellere</span> <span class='ocrx_word' id='word_1_68' title='bbox 1002 1343 1121 1442; x_wconf 87' lang='lat' dir='ltr'>barbam</span> 
     </span>
     <span class='ocr_line' id='line_1_11' title="bbox 357 1464 1251 1546; baseline -0.002 -18"><span class='ocrx_word' id='word_1_69' title='bbox 357 1464 507 1546; x_wconf 74' lang='lat' dir='ltr'>luppiter?</span> <span class='ocrx_word' id='word_1_70' title='bbox 530 1475 577 1526; x_wconf 92' lang='lat' dir='ltr'>aut</span> <span class='ocrx_word' id='word_1_71' title='bbox 599 1467 732 1542; x_wconf 87' lang='lat' dir='ltr'>quidnam</span> <span class='ocrx_word' id='word_1_72' title='bbox 755 1475 815 1541; x_wconf 87' lang='lat' dir='ltr'>est,</span> <span class='ocrx_word' id='word_1_73' title='bbox 840 1484 895 1543; x_wconf 92' lang='lat' dir='ltr'>qua</span> <span class='ocrx_word' id='word_1_74' title='bbox 918 1476 948 1526; x_wconf 91' lang='lat' dir='ltr'>tu</span> <span class='ocrx_word' id='word_1_75' title='bbox 970 1467 1108 1525; x_wconf 79' lang='lat' dir='ltr'>mercede</span> <span class='ocrx_word' id='word_1_76' title='bbox 1134 1464 1251 1526; x_wconf 91' lang='lat' dir='ltr'>deorum</span> 
     </span>
     <span class='ocr_line' id='line_1_12' title="bbox 357 1544 1338 1628; baseline -0.005 -18"><span class='ocrx_word' id='word_1_77' title='bbox 357 1550 471 1610; x_wconf 71' lang='lat' dir='ltr'>limeris</span> <span class='ocrx_word' id='word_1_78' title='bbox 493 1544 659 1610; x_wconf 76' lang='lat' dir='ltr'>auriculas?</span> <span class='ocrx_word' id='word_1_79' title='bbox 682 1548 817 1628; x_wconf 87' lang='lat' dir='ltr'>pulmone</span> <span class='ocrx_word' id='word_1_80' title='bbox 840 1559 868 1608; x_wconf 90' lang='lat' dir='ltr'>et</span> <span class='ocrx_word' id='word_1_81' title='bbox 890 1549 1013 1609; x_wconf 91' lang='lat' dir='ltr'>lactibus</span> <span class='ocrx_word' id='word_1_82' title='bbox 1035 1547 1149 1608; x_wconf 87' lang='lat' dir='ltr'>unctis‘l</span> <span class='ocrx_word' id='word_1_83' title='bbox 1302 1561 1338 1614; x_wconf 82' lang='lat'>30</span> 
     </span>
     <span class='ocr_line' id='line_1_13' title="bbox 398 1633 1185 1695; baseline -0.003 -3"><span class='ocrx_word' id='word_1_84' title='bbox 398 1633 479 1693; x_wconf 87' lang='lat' dir='ltr'>Ecce</span> <span class='ocrx_word' id='word_1_85' title='bbox 502 1634 564 1692; x_wconf 88' lang='lat' dir='ltr'>avia</span> <span class='ocrx_word' id='word_1_86' title='bbox 587 1641 635 1691; x_wconf 89' lang='lat' dir='ltr'>aut</span> <span class='ocrx_word' id='word_1_87' title='bbox 656 1642 787 1695; x_wconf 90' lang='lat' dir='ltr'>metuens</span> <span class='ocrx_word' id='word_1_88' title='bbox 810 1633 904 1692; x_wconf 89' lang='lat' dir='ltr'>divum</span> <span class='ocrx_word' id='word_1_89' title='bbox 926 1642 1081 1692; x_wconf 87' lang='lat' dir='ltr'>matertera</span> <span class='ocrx_word' id='word_1_90' title='bbox 1104 1633 1185 1690; x_wconf 89' lang='lat' dir='ltr'>cunis</span> 
     </span>
     <span class='ocr_line' id='line_1_14' title="bbox 357 1714 1172 1795; baseline -0.002 -19"><span class='ocrx_word' id='word_1_91' title='bbox 357 1716 472 1776; x_wconf 84' lang='lat' dir='ltr'>Exemit</span> <span class='ocrx_word' id='word_1_92' title='bbox 494 1733 630 1792; x_wconf 76' lang='lat' dir='ltr'>puerum,</span> <span class='ocrx_word' id='word_1_93' title='bbox 652 1716 836 1792; x_wconf 80' lang='lat' dir='ltr'>frontemque</span> <span class='ocrx_word' id='word_1_94' title='bbox 859 1724 946 1795; x_wconf 86' lang='lat' dir='ltr'>atque</span> <span class='ocrx_word' id='word_1_95' title='bbox 968 1717 1023 1777; x_wconf 92' lang='lat' dir='ltr'>uda</span> <span class='ocrx_word' id='word_1_96' title='bbox 1045 1714 1172 1781; x_wconf 82' lang='lat' dir='ltr'>labella</span> 
     </span>
     <span class='ocr_line' id='line_1_15' title="bbox 357 1798 1026 1874; baseline -0.001 -15"><span class='ocrx_word' id='word_1_97' title='bbox 357 1800 457 1859; x_wconf 85' lang='lat' dir='ltr'>infami</span> <span class='ocrx_word' id='word_1_98' title='bbox 484 1799 574 1874; x_wconf 81' lang='lat' dir='ltr'>digito</span> <span class='ocrx_word' id='word_1_99' title='bbox 597 1807 625 1857; x_wconf 90' lang='lat' dir='ltr'>et</span> <span class='ocrx_word' id='word_1_100' title='bbox 650 1798 817 1859; x_wconf 88' lang='lat' dir='ltr'>lustralibus</span> <span class='ocrx_word' id='word_1_101' title='bbox 839 1807 904 1858; x_wconf 89' lang='lat' dir='ltr'>autc</span> <span class='ocrx_word' id='word_1_102' title='bbox 928 1800 1026 1860; x_wconf 90' lang='lat' dir='ltr'>salivis</span> 
     </span>
     <span class='ocr_line' id='line_1_16' title="bbox 357 1881 1035 1962; baseline 0 -20"><span class='ocrx_word' id='word_1_103' title='bbox 357 1884 479 1962; x_wconf 79' lang='lat' dir='ltr'>Expiet,</span> <span class='ocrx_word' id='word_1_104' title='bbox 503 1890 621 1940; x_wconf 89' lang='lat' dir='ltr'>urentes</span> <span class='ocrx_word' id='word_1_105' title='bbox 645 1881 747 1940; x_wconf 92' lang='lat' dir='ltr'>oculos</span> <span class='ocrx_word' id='word_1_106' title='bbox 770 1881 899 1942; x_wconf 89' lang='lat' dir='ltr'>inhibere</span> <span class='ocrx_word' id='word_1_107' title='bbox 922 1884 1035 1960; x_wconf 51' lang='lat' dir='ltr'>perita;¹</span> 
     </span>
     <span class='ocr_line' id='line_1_17' title="bbox 358 1965 1336 2044; baseline 0 -18"><span class='ocrx_word' id='word_1_108' title='bbox 358 1967 438 2026; x_wconf 80' lang='lat' dir='ltr'>Tunc</span> <span class='ocrx_word' id='word_1_109' title='bbox 459 1965 588 2025; x_wconf 88' lang='lat' dir='ltr'>manibus</span> <span class='ocrx_word' id='word_1_110' title='bbox 613 1967 704 2044; x_wconf 90' lang='lat' dir='ltr'>quatit</span> <span class='ocrx_word' id='word_1_111' title='bbox 730 1975 758 2025; x_wconf 91' lang='lat' dir='ltr'>et</span> <span class='ocrx_word' id='word_1_112' title='bbox 783 1984 864 2043; x_wconf 89' lang='lat' dir='ltr'>spem</span> <span class='ocrx_word' id='word_1_113' title='bbox 886 1983 1011 2043; x_wconf 80' lang='lat' dir='ltr'>macram</span> <span class='ocrx_word' id='word_1_114' title='bbox 1033 1966 1166 2043; x_wconf 87' lang='lat' dir='ltr'>supplice</span> <span class='ocrx_word' id='word_1_115' title='bbox 1188 1973 1257 2023; x_wconf 86' lang='lat' dir='ltr'>voto</span> <span class='ocrx_word' id='word_1_116' title='bbox 1301 1974 1336 2026; x_wconf 75' lang='lat'>35</span> 
     </span>
     <span class='ocr_line' id='line_1_18' title="bbox 357 2046 1350 2127; baseline -0.005 -17"><span class='ocrx_word' id='word_1_117' title='bbox 357 2051 439 2110; x_wconf 93' lang='lat' dir='ltr'>Nunc</span> <span class='ocrx_word' id='word_1_118' title='bbox 462 2049 551 2108; x_wconf 83' lang='lat' dir='ltr'>licini</span> <span class='ocrx_word' id='word_1_119' title='bbox 571 2050 600 2108; x_wconf 85' lang='lat' dir='ltr'>in</span> <span class='ocrx_word' id='word_1_120' title='bbox 623 2067 758 2127; x_wconf 87' lang='lat' dir='ltr'>campos,</span> <span class='ocrx_word' id='word_1_121' title='bbox 781 2067 855 2108; x_wconf 91' lang='lat' dir='ltr'>nunc</span> <span class='ocrx_word' id='word_1_122' title='bbox 878 2046 976 2109; x_wconf 86' lang='lat' dir='ltr'>Crassi</span> <span class='ocrx_word' id='word_1_123' title='bbox 998 2051 1080 2109; x_wconf 94' lang='lat' dir='ltr'>mittit</span> <span class='ocrx_word' id='word_1_124' title='bbox 1101 2050 1129 2108; x_wconf 93' lang='lat' dir='ltr'>in</span> <span class='ocrx_word' id='word_1_125' title='bbox 1151 2049 1256 2109; x_wconf 90' lang='lat' dir='ltr'>aedes:</span> <span class='ocrx_word' id='word_1_126' title='bbox 1345 2062 1350 2071; x_wconf 68' lang='grc'><em>’</em></span> 
     </span>
     <span class='ocr_line' id='line_1_19' title="bbox 357 2133 1117 2211; baseline -0.001 -18"><span class='ocrx_word' id='word_1_127' title='bbox 357 2134 438 2194; x_wconf 87' lang='lat' dir='ltr'>llunc</span> <span class='ocrx_word' id='word_1_128' title='bbox 461 2141 543 2210; x_wconf 93' lang='lat' dir='ltr'>optet</span> <span class='ocrx_word' id='word_1_129' title='bbox 568 2151 707 2210; x_wconf 82' lang='lat' dir='ltr'>generum</span> <span class='ocrx_word' id='word_1_130' title='bbox 729 2150 782 2191; x_wconf 85' lang='lat' dir='ltr'>rex</span> <span class='ocrx_word' id='word_1_131' title='bbox 804 2141 834 2192; x_wconf 93' lang='lat' dir='ltr'>et</span> <span class='ocrx_word' id='word_1_132' title='bbox 856 2134 972 2209; x_wconf 80' lang='lat' dir='ltr'>regina:</span> <span class='ocrx_word' id='word_1_133' title='bbox 1000 2133 1117 2211; x_wconf 93' lang='lat' dir='ltr'>puellae</span> 
     </span>
     <span class='ocr_line' id='line_1_20' title="bbox 356 2214 1183 2294; baseline -0.005 -17"><span class='ocrx_word' id='word_1_134' title='bbox 356 2217 438 2277; x_wconf 88' lang='lat' dir='ltr'>Hunc</span> <span class='ocrx_word' id='word_1_135' title='bbox 459 2218 585 2294; x_wconf 90' lang='lat' dir='ltr'>rapiant;</span> <span class='ocrx_word' id='word_1_136' title='bbox 609 2216 745 2294; x_wconf 89' lang='lat' dir='ltr'>quidquid</span> <span class='ocrx_word' id='word_1_137' title='bbox 768 2216 924 2275; x_wconf 79' lang='lat' dir='ltr'>calcaverit</span> <span class='ocrx_word' id='word_1_138' title='bbox 946 2217 1008 2292; x_wconf 82' lang='lat' dir='ltr'>hic,</span> <span class='ocrx_word' id='word_1_139' title='bbox 1031 2233 1098 2276; x_wconf 91' lang='lat' dir='ltr'>rosa</span> <span class='ocrx_word' id='word_1_140' title='bbox 1121 2214 1183 2274; x_wconf 87' lang='lat' dir='ltr'>liat!</span> 
     </span>
     <span class='ocr_line' id='line_1_21' title="bbox 357 2299 1064 2377; baseline -0.001 -17"><span class='ocrx_word' id='word_1_141' title='bbox 357 2302 411 2360; x_wconf 77' lang='lat' dir='ltr'>Ast</span> <span class='ocrx_word' id='word_1_142' title='bbox 435 2317 492 2377; x_wconf 83' lang='lat' dir='ltr'>ego</span> <span class='ocrx_word' id='word_1_143' title='bbox 512 2300 615 2360; x_wconf 90' lang='lat' dir='ltr'>nutrici</span> <span class='ocrx_word' id='word_1_144' title='bbox 637 2316 693 2358; x_wconf 91' lang='lat' dir='ltr'>non</span> <span class='ocrx_word' id='word_1_145' title='bbox 715 2299 818 2361; x_wconf 89' lang='lat' dir='ltr'>maudo</span> <span class='ocrx_word' id='word_1_146' title='bbox 841 2308 922 2368; x_wconf 84' lang='lat' dir='ltr'>vota;</span> <span class='ocrx_word' id='word_1_147' title='bbox 945 2308 1064 2376; x_wconf 79' lang='lat' dir='ltr'>negato,</span> 
     </span>
     <span class='ocr_line' id='line_1_22' title="bbox 357 2383 1380 2463; baseline 0 -19"><span class='ocrx_word' id='word_1_148' title='bbox 357 2385 503 2462; x_wconf 83' lang='lat' dir='ltr'>luppiter,</span> <span class='ocrx_word' id='word_1_149' title='bbox 526 2383 599 2443; x_wconf 89' lang='lat' dir='ltr'>haec</span> <span class='ocrx_word' id='word_1_150' title='bbox 617 2383 676 2458; x_wconf 82' lang='lat' dir='ltr'>illi,</span> <span class='ocrx_word' id='word_1_151' title='bbox 702 2385 831 2463; x_wconf 85' lang='lat' dir='ltr'>quamvis</span> <span class='ocrx_word' id='word_1_152' title='bbox 854 2393 883 2443; x_wconf 89' lang='lat' dir='ltr'>te</span> <span class='ocrx_word' id='word_1_153' title='bbox 908 2383 1002 2443; x_wconf 89' lang='lat' dir='ltr'>albata</span> <span class='ocrx_word' id='word_1_154' title='bbox 1023 2385 1143 2461; x_wconf 81' lang='lat' dir='ltr'>rogarit.</span> <span class='ocrx_word' id='word_1_155' title='bbox 1301 2390 1337 2444; x_wconf 82' lang='lat'>40</span> <span class='ocrx_word' id='word_1_156' title='bbox 1376 2449 1380 2453; x_wconf 57' lang='grc'>,</span> 
     </span>
     <span class='ocr_line' id='line_1_23' title="bbox 358 2467 1154 2545; baseline -0.004 -17"><span class='ocrx_word' id='word_1_157' title='bbox 358 2470 458 2528; x_wconf 91' lang='lat' dir='ltr'>Poscis</span> <span class='ocrx_word' id='word_1_158' title='bbox 481 2484 567 2545; x_wconf 87' lang='lat' dir='ltr'>opem</span> <span class='ocrx_word' id='word_1_159' title='bbox 588 2468 686 2526; x_wconf 87' lang='lat' dir='ltr'>nervis</span> <span class='ocrx_word' id='word_1_160' title='bbox 708 2484 874 2545; x_wconf 84' lang='lat' dir='ltr'>corpusque</span> <span class='ocrx_word' id='word_1_161' title='bbox 894 2467 980 2527; x_wconf 84' lang='lat' dir='ltr'>fidele</span> <span class='ocrx_word' id='word_1_162' title='bbox 1001 2477 1154 2527; x_wconf 86' lang='lat' dir='ltr'>senectae:</span> 
     </span>
     <span class='ocr_line' id='line_1_24' title="bbox 358 2550 1203 2629; baseline -0.004 -18"><span class='ocrx_word' id='word_1_163' title='bbox 358 2552 430 2611; x_wconf 85' lang='lat' dir='ltr'>Esto</span> <span class='ocrx_word' id='word_1_164' title='bbox 454 2568 524 2627; x_wconf 81' lang='lat' dir='ltr'>age3</span> <span class='ocrx_word' id='word_1_165' title='bbox 548 2550 600 2610; x_wconf 91' lang='lat' dir='ltr'>sed</span> <span class='ocrx_word' id='word_1_166' title='bbox 622 2551 748 2628; x_wconf 83' lang='lat' dir='ltr'>grandes</span> <span class='ocrx_word' id='word_1_167' title='bbox 772 2553 887 2629; x_wconf 89' lang='lat' dir='ltr'>patinae</span> <span class='ocrx_word' id='word_1_168' title='bbox 909 2559 1083 2628; x_wconf 89' lang='lat' dir='ltr'>tuccetaque</span> <span class='ocrx_word' id='word_1_169' title='bbox 1105 2567 1203 2610; x_wconf 86' lang='lat' dir='ltr'>crassa</span> 
     </span>
     <span class='ocr_line' id='line_1_25' title="bbox 357 2633 1201 2712; baseline -0.004 -18"><span class='ocrx_word' id='word_1_170' title='bbox 357 2635 495 2694; x_wconf 76' lang='lat' dir='ltr'>Adnuere</span> <span class='ocrx_word' id='word_1_171' title='bbox 517 2633 562 2693; x_wconf 91' lang='lat' dir='ltr'>his</span> <span class='ocrx_word' id='word_1_172' title='bbox 583 2652 706 2712; x_wconf 89' lang='lat' dir='ltr'>superos</span> <span class='ocrx_word' id='word_1_173' title='bbox 728 2642 849 2695; x_wconf 87' lang='lat' dir='ltr'>vetuere</span> <span class='ocrx_word' id='word_1_174' title='bbox 870 2633 1026 2710; x_wconf 88' lang='lat' dir='ltr'>lovemque</span> <span class='ocrx_word' id='word_1_175' title='bbox 1047 2642 1201 2693; x_wconf 91' lang='lat' dir='ltr'>morantur</span> 
     </span>
     <span class='ocr_line' id='line_1_26' title="bbox 357 2714 1190 2795; baseline -0.004 -17"><span class='ocrx_word' id='word_1_176' title='bbox 357 2719 429 2778; x_wconf 88' lang='lat' dir='ltr'>Rem</span> <span class='ocrx_word' id='word_1_177' title='bbox 446 2725 565 2776; x_wconf 90' lang='lat' dir='ltr'>struere</span> <span class='ocrx_word' id='word_1_178' title='bbox 587 2727 711 2795; x_wconf 86' lang='lat' dir='ltr'>exoptas</span> <span class='ocrx_word' id='word_1_179' title='bbox 733 2735 822 2778; x_wconf 90' lang='lat' dir='ltr'>caeso</span> <span class='ocrx_word' id='word_1_180' title='bbox 844 2715 936 2791; x_wconf 81' lang='lat' dir='ltr'>bove,</span> <span class='ocrx_word' id='word_1_181' title='bbox 958 2714 1190 2795; x_wconf 85' lang='lat' dir='ltr'>Mercuriumque</span> 
     </span>
     <span class='ocr_line' id='line_1_27' title="bbox 358 2798 1337 2879; baseline -0.001 -18"><span class='ocrx_word' id='word_1_182' title='bbox 358 2803 497 2861; x_wconf 75' lang='lat' dir='ltr'>Accersis</span> <span class='ocrx_word' id='word_1_183' title='bbox 521 2801 607 2860; x_wconf 90' lang='lat' dir='ltr'>libra:</span> <span class='ocrx_word' id='word_1_184' title='bbox 631 2803 674 2862; x_wconf 84' lang='lat' dir='ltr'>da</span> <span class='ocrx_word' id='word_1_185' title='bbox 693 2803 855 2879; x_wconf 78' lang='lat' dir='ltr'>fortunare</span> <span class='ocrx_word' id='word_1_186' title='bbox 877 2798 1015 2875; x_wconf 83' lang='lat' dir='ltr'>Penates,</span> <span class='ocrx_word' id='word_1_187' title='bbox 1091 2862 1098 2873; x_wconf 62' lang='lat'><em>,</em></span> <span class='ocrx_word' id='word_1_188' title='bbox 1302 2809 1337 2876; x_wconf 64' lang='lat'>45</span> 
     </span>
     <span class='ocr_line' id='line_1_28' title="bbox 358 2884 1263 2964; baseline -0.007 -17"><span class='ocrx_word' id='word_1_189' title='bbox 358 2885 409 2947; x_wconf 77' lang='lat' dir='ltr'>llo</span> <span class='ocrx_word' id='word_1_190' title='bbox 430 2903 527 2962; x_wconf 72' lang='lat' dir='ltr'>pamm</span> <span class='ocrx_word' id='word_1_191' title='bbox 549 2892 577 2946; x_wconf 87' lang='lat' dir='ltr'>et</span> <span class='ocrx_word' id='word_1_192' title='bbox 595 2886 742 2964; x_wconf 69' lang='lat' dir='ltr'>propitius</span> <span class='ocrx_word' id='word_1_193' title='bbox 759 2884 873 2961; x_wconf 78' lang='lat' dir='ltr'>fatum!</span> <span class='ocrx_word' id='word_1_194' title='bbox 898 2900 972 2962; x_wconf 80' lang='lat' dir='ltr'>quo,</span> <span class='ocrx_word' id='word_1_195' title='bbox 995 2885 1138 2962; x_wconf 88' lang='lat' dir='ltr'>pessime</span> <span class='ocrx_word' id='word_1_196' title='bbox 1160 2894 1263 2962; x_wconf 88' lang='lat' dir='ltr'>pacto</span> 
     </span>
     <span class='ocr_line' id='line_1_29' title="bbox 359 2964 1275 3047; baseline -0.005 -17.973"><span class='ocrx_word' id='word_1_197' title='bbox 359 2970 415 3030; x_wconf 86' lang='lat' dir='ltr'>&#39;lot</span> <span class='ocrx_word' id='word_1_198' title='bbox 436 2968 486 3027; x_wconf 89' lang='lat' dir='ltr'>tibi</span> <span class='ocrx_word' id='word_1_199' title='bbox 508 2987 593 3047; x_wconf 91' lang='lat' dir='ltr'>quum</span> <span class='ocrx_word' id='word_1_200' title='bbox 614 2969 641 3026; x_wconf 95' lang='lat' dir='ltr'>in</span> <span class='ocrx_word' id='word_1_201' title='bbox 663 2967 822 3027; x_wconf 85' lang='lat' dir='ltr'>dammas</span> <span class='ocrx_word' id='word_1_202' title='bbox 813 2969 936 3026; x_wconf 81' lang='lat' dir='ltr'>tunicum</span> <span class='ocrx_word' id='word_1_203' title='bbox 959 2977 1072 3026; x_wconf 92' lang='lat' dir='ltr'>omenta</span> <span class='ocrx_word' id='word_1_204' title='bbox 1094 2964 1275 3044; x_wconf 77' lang='lat' dir='ltr'>liquescant?</span> 
     </span>
     <span class='ocr_line' id='line_1_30' title="bbox 358 3051 1087 3126; baseline -0.004 -13"><span class='ocrx_word' id='word_1_205' title='bbox 358 3054 512 3113; x_wconf 78' lang='lat' dir='ltr'>Attamen</span> <span class='ocrx_word' id='word_1_206' title='bbox 534 3053 581 3112; x_wconf 89' lang='lat' dir='ltr'>hic</span> <span class='ocrx_word' id='word_1_207' title='bbox 604 3051 679 3110; x_wconf 87' lang='lat' dir='ltr'>extis</span> <span class='ocrx_word' id='word_1_208' title='bbox 702 3052 850 3126; x_wconf 85' lang='lat' dir='ltr'>etopimo</span> <span class='ocrx_word' id='word_1_209' title='bbox 872 3052 990 3110; x_wconf 89' lang='lat' dir='ltr'>vincere</span> <span class='ocrx_word' id='word_1_210' title='bbox 1011 3052 1087 3110; x_wconf 89' lang='lat' dir='ltr'>ierto</span> 
     </span>
     <span class='ocr_line' id='line_1_31' title="bbox 358 3135 1157 3212; baseline -0.004 -15"><span class='ocrx_word' id='word_1_211' title='bbox 358 3135 497 3197; x_wconf 84' lang='lat' dir='ltr'>Intendit:</span> <span class='ocrx_word' id='word_1_212' title='bbox 519 3137 582 3196; x_wconf 81' lang='lat' dir='ltr'>ium</span> <span class='ocrx_word' id='word_1_213' title='bbox 603 3135 716 3196; x_wconf 79' lang='lat' dir='ltr'>crescit</span> <span class='ocrx_word' id='word_1_214' title='bbox 735 3151 826 3212; x_wconf 78' lang='lat' dir='ltr'>oper,</span> <span class='ocrx_word' id='word_1_215' title='bbox 846 3136 909 3195; x_wconf 81' lang='lat' dir='ltr'>ium</span> <span class='ocrx_word' id='word_1_216' title='bbox 932 3135 1157 3210; x_wconf 62' lang='lat' dir='ltr'>cresciturum,</span> 
     </span>
     <span class='ocr_line' id='line_1_32' title="bbox 357 3218 1337 3296; baseline -0.002 -16"><span class='ocrx_word' id='word_1_217' title='bbox 357 3220 427 3282; x_wconf 85' lang='lat' dir='ltr'>lam</span> <span class='ocrx_word' id='word_1_218' title='bbox 448 3220 589 3294; x_wconf 75' lang='lat' dir='ltr'>dubitur,</span> <span class='ocrx_word' id='word_1_219' title='bbox 608 3220 686 3293; x_wconf 81' lang='lat' dir='ltr'>ium,</span> <span class='ocrx_word' id='word_1_220' title='bbox 708 3218 788 3278; x_wconf 82' lang='lat' dir='ltr'>iant!</span> <span class='ocrx_word' id='word_1_221' title='bbox 814 3218 909 3276; x_wconf 90' lang='lat' dir='ltr'>donec</span> <span class='ocrx_word' id='word_1_222' title='bbox 931 3218 1072 3295; x_wconf 88' lang='lat' dir='ltr'>deceptus</span> <span class='ocrx_word' id='word_1_223' title='bbox 1092 3226 1121 3277; x_wconf 93' lang='lat' dir='ltr'>et</span> <span class='ocrx_word' id='word_1_224' title='bbox 1141 3237 1248 3296; x_wconf 84' lang='lat' dir='ltr'>cuspes</span> <span class='ocrx_word' id='word_1_225' title='bbox 1303 3230 1337 3279; x_wconf 82' lang='lat'>50</span> 
     </span>
     <span class='ocr_line' id='line_1_33' title="bbox 359 3301 1162 3382; baseline -0.001 -20"><span class='ocrx_word' id='word_1_226' title='bbox 359 3303 555 3382; x_wconf 87' lang='lat' dir='ltr'>Nequiquam:</span> <span class='ocrx_word' id='word_1_227' title='bbox 575 3301 688 3381; x_wconf 75' lang='lat' dir='ltr'>fundo,</span> <span class='ocrx_word' id='word_1_228' title='bbox 711 3301 853 3378; x_wconf 82' lang='lat' dir='ltr'>suspiret,</span> <span class='ocrx_word' id='word_1_229' title='bbox 875 3319 1013 3361; x_wconf 83' lang='lat' dir='ltr'>nummus</span> <span class='ocrx_word' id='word_1_230' title='bbox 1033 3303 1065 3361; x_wconf 81' lang='lat' dir='ltr'>in</span> <span class='ocrx_word' id='word_1_231' title='bbox 1085 3303 1162 3361; x_wconf 76' lang='lat' dir='ltr'>imo!</span> 
     </span>
     <span class='ocr_line' id='line_1_34' title="bbox 402 3385 1104 3462; baseline -0.003 -17"><span class='ocrx_word' id='word_1_232' title='bbox 402 3387 432 3446; x_wconf 92' lang='lat' dir='ltr'>Si</span> <span class='ocrx_word' id='word_1_233' title='bbox 452 3386 504 3445; x_wconf 91' lang='lat' dir='ltr'>tibi</span> <span class='ocrx_word' id='word_1_234' title='bbox 527 3394 670 3445; x_wconf 88' lang='lat' dir='ltr'>creterras</span> <span class='ocrx_word' id='word_1_235' title='bbox 692 3385 803 3461; x_wconf 81' lang='lat' dir='ltr'>argenti</span> <span class='ocrx_word' id='word_1_236' title='bbox 826 3386 983 3462; x_wconf 89' lang='lat' dir='ltr'>incusaque</span> <span class='ocrx_word' id='word_1_237' title='bbox 1005 3385 1104 3461; x_wconf 85' lang='lat' dir='ltr'>pingui</span> 
     </span>
     <span class='ocr_line' id='line_1_35' title="bbox 360 3467 1082 3545; baseline -0.006 -16"><span class='ocrx_word' id='word_1_238' title='bbox 360 3471 440 3529; x_wconf 79' lang='lat' dir='ltr'>Auro</span> <span class='ocrx_word' id='word_1_239' title='bbox 463 3470 538 3529; x_wconf 90' lang='lat' dir='ltr'>dona</span> <span class='ocrx_word' id='word_1_240' title='bbox 560 3469 667 3542; x_wconf 88' lang='lat' dir='ltr'>ieram,</span> <span class='ocrx_word' id='word_1_241' title='bbox 691 3468 778 3527; x_wconf 91' lang='lat' dir='ltr'>sudes</span> <span class='ocrx_word' id='word_1_242' title='bbox 802 3477 831 3527; x_wconf 91' lang='lat' dir='ltr'>et</span> <span class='ocrx_word' id='word_1_243' title='bbox 853 3476 974 3545; x_wconf 87' lang='lat' dir='ltr'>pectore</span> <span class='ocrx_word' id='word_1_244' title='bbox 998 3467 1082 3526; x_wconf 91' lang='lat' dir='ltr'>laevo</span> 
     </span>
     <span class='ocr_line' id='line_1_36' title="bbox 359 3551 1077 3629; baseline -0.008 -16"><span class='ocrx_word' id='word_1_245' title='bbox 359 3555 498 3614; x_wconf 84' lang='lat' dir='ltr'>Excutias</span> <span class='ocrx_word' id='word_1_246' title='bbox 520 3562 632 3629; x_wconf 80' lang='lat' dir='ltr'>guttas,</span> <span class='ocrx_word' id='word_1_247' title='bbox 655 3551 756 3611; x_wconf 90' lang='lat' dir='ltr'>laetari</span> <span class='ocrx_word' id='word_1_248' title='bbox 779 3551 995 3629; x_wconf 89' lang='lat' dir='ltr'>praetrepidum</span> <span class='ocrx_word' id='word_1_249' title='bbox 1017 3566 1077 3608; x_wconf 90' lang='lat' dir='ltr'>cor.</span> 
     </span>
     <span class='ocr_line' id='line_1_37' title="bbox 360 3634 1335 3711; baseline -0.004 -13"><span class='ocrx_word' id='word_1_250' title='bbox 360 3638 432 3698; x_wconf 86' lang='lat' dir='ltr'>Hinc</span> <span class='ocrx_word' id='word_1_251' title='bbox 456 3636 527 3696; x_wconf 92' lang='lat' dir='ltr'>illud</span> <span class='ocrx_word' id='word_1_252' title='bbox 548 3635 652 3710; x_wconf 76' lang='lat' dir='ltr'>subiit,</span> <span class='ocrx_word' id='word_1_253' title='bbox 676 3652 745 3695; x_wconf 91' lang='lat' dir='ltr'>auro</span> <span class='ocrx_word' id='word_1_254' title='bbox 768 3652 868 3694; x_wconf 90' lang='lat' dir='ltr'>sacras</span> <span class='ocrx_word' id='word_1_255' title='bbox 890 3634 967 3711; x_wconf 92' lang='lat' dir='ltr'>quod</span> <span class='ocrx_word' id='word_1_256' title='bbox 990 3642 1076 3692; x_wconf 90' lang='lat' dir='ltr'>ovato</span> <span class='ocrx_word' id='word_1_257' title='bbox 1300 3643 1335 3696; x_wconf 79' lang='lat'>55</span> 
     </span>
     <span class='ocr_line' id='line_1_38' title="bbox 360 3718 1047 3786; baseline -0.01 -5"><span class='ocrx_word' id='word_1_258' title='bbox 360 3721 498 3782; x_wconf 89' lang='lat' dir='ltr'>Perducis</span> <span class='ocrx_word' id='word_1_259' title='bbox 520 3719 626 3786; x_wconf 85' lang='lat' dir='ltr'>facies;</span> <span class='ocrx_word' id='word_1_260' title='bbox 648 3736 713 3778; x_wconf 89' lang='lat' dir='ltr'>nam</span> <span class='ocrx_word' id='word_1_261' title='bbox 734 3718 839 3778; x_wconf 89' lang='lat' dir='ltr'>iratres</span> <span class='ocrx_word' id='word_1_262' title='bbox 862 3718 942 3776; x_wconf 84' lang='lat' dir='ltr'>iuter</span> <span class='ocrx_word' id='word_1_263' title='bbox 958 3733 1047 3775; x_wconf 89' lang='lat' dir='ltr'>aenos</span> 
     </span>
     <span class='ocr_line' id='line_1_39' title="bbox 361 3801 1031 3881; baseline -0.01 -17"><span class='ocrx_word' id='word_1_264' title='bbox 361 3805 476 3864; x_wconf 90' lang='lat' dir='ltr'>Somnia</span> <span class='ocrx_word' id='word_1_265' title='bbox 498 3804 598 3881; x_wconf 88' lang='lat' dir='ltr'>pituita</span> <span class='ocrx_word' id='word_1_266' title='bbox 621 3803 668 3879; x_wconf 93' lang='lat' dir='ltr'>qui</span> <span class='ocrx_word' id='word_1_267' title='bbox 690 3803 889 3881; x_wconf 84' lang='lat' dir='ltr'>purgatissima</span> <span class='ocrx_word' id='word_1_268' title='bbox 910 3801 1031 3877; x_wconf 85' lang='lat' dir='ltr'>mittunt,</span> 
     </span>
    </p>
   </div>
   <div class='ocr_carea' id='block_1_3' title="bbox 0 0 1641 4409">
    <p class='ocr_par' dir='ltr' id='par_1_3' title="bbox 0 0 1641 4409">
     <span class='ocr_line' id='line_1_40' title="bbox 0 0 1641 4409; baseline 0 0"><span class='ocrx_word' id='word_1_269' title='bbox 0 0 1641 4409; x_wconf 95' lang='lat' dir='ltr'> </span> 
     </span>
    </p>
   </div>
  </div>
 </body>
</html>
