3267 4409
416 546 418 551 Ι
511 461 937 555 urreunmmnonnm.
951 463 1003 526 rx.
1138 502 1141 509 ,
1218 464 1280 529 roa

604 636 607 644 ’
721 665 802 726 xm.

326 779 542 840 Artemidorus
555 781 650 840 habet
663 799 809 861 puerum,
832 781 887 843 sed
902 781 1042 844 vendidit
1056 801 1176 863 agrum:

368 865 483 942 Agrum
497 884 555 944 pro
569 883 666 944 puero
683 865 878 928 Calliodorus
890 869 992 929 habet.

326 949 399 1024 Dic,
420 954 492 1007 uter
509 967 548 1008 ex
560 949 629 1008 istis
643 948 753 1010 melius
764 970 831 1011 rem
845 953 993 1030 gesserit,
1013 953 1135 1014 Aucte‘l

368 1033 585 1093 Artemidorus
600 1039 695 1113 amat,
718 1034 914 1096 Calliodorus
929 1042 1003 1097 arat.

714 1169 807 1231 XXII.

327 1280 440 1342 Credis
454 1281 493 1339 ob
508 1281 585 1340 haec
601 1297 665 1355 me,
687 1279 815 1357 Pastor,
838 1300 913 1361 opes
928 1281 1062 1342 fortasse
1075 1302 1203 1365 rogare,

366 1366 503 1445 Propter
519 1382 596 1448 quae
610 1363 717 1440 vulgus
730 1384 894 1444 crassaque
908 1368 999 1426 turba
1014 1375 1119 1446 rogat,

323 1451 368 1511 Ut
382 1449 489 1509 Setina
503 1467 587 1507 meos
602 1454 759 1507 consumat
770 1448 860 1526 gleba
874 1449 1002 1530 ilgones
1016 1500 1019 1505 ,

366 1535 410 1594 Et
423 1538 514 1593 sonet
527 1533 687 1592 innumera
701 1532 851 1612 compede
867 1533 986 1594 Tuscus
1004 1553 1094 1614 ager3

302 1619 369 1680 sut
381 1617 483 1681 Mauri
499 1617 623 1695 Libycis
638 1622 759 1676 centum
775 1623 859 1679 stent
875 1617 1018 1679 dentibus
1033 1621 1125 1680 orbes

365 1703 408 1763 Et
423 1707 532 1781 crepet
543 1702 575 1761 in
589 1701 704 1760 nostris
720 1720 812 1761 aurea
824 1699 925 1762 lamna
939 1705 1034 1780 toris,

323 1786 390 1847 Nec
402 1784 499 1845 lebrIs
516 1786 576 1844 nisi
590 1804 697 1862 magna
710 1787 786 1846 meis
802 1785 949 1865 crystalla
961 1794 1103 1847 terantur

366 1871 408 1931 Et
421 1870 535 1929 faciant
550 1870 652 1946 nigras
666 1877 773 1929 nostra
787 1870 922 1931 Falerna
934 1872 1037 1946 uives3

326 1955 371 2015 Ut
384 1955 578 2017 canusinatus
594 1958 700 2012 nostro
717 1953 813 2033 Syrus
828 1973 934 2014 assere
946 1954 1057 2014 sudetx

282 2050 318 2103 10
366 2040 409 2100 ut
424 2057 491 2097 mea
506 2038 547 2097 sit
562 2036 644 2096 culto
659 2036 739 2096 aella
751 2037 865 2098 cliente
879 2038 1047 2117 frequens;

324 2125 457 2185 Aestuet
471 2128 506 2181 ut
519 2127 628 2180 nostro
642 2120 781 2181 madidus
796 2123 921 2182 conviva
935 2123 1092 2199 ministro,

367 2208 465 2283 Quem
479 2212 686 2285 permutatum
699 2224 758 2264 nec
773 2205 953 2285 Ganymede
967 2205 1063 2280 relis;
1077 2242 1081 2247 -

323 2292 368 2354 Ut
380 2291 532 2353 lutulenta
545 2289 622 2349 linat
636 2289 747 2368 Tyrias
762 2291 836 2350 mihi
850 2288 932 2351 mula
946 2290 1089 2351 lacernas
1176 2284 1179 2287 ’

366 2377 408 2438 Et
425 2373 561 2452 Massyla
577 2392 678 2433 meum
693 2375 779 2452 virga
793 2377 946 2454 gubernet
960 2394 1080 2454 equum.

282 2462 381 2522 reliso
395 2458 475 2521 nihil
491 2460 624 2518 existis:
647 2477 776 2538 superos
791 2479 827 2518 ac
842 2460 945 2520 sidera
959 2465 1069 2522 testor.
1169 2466 1172 2471 ’

367 2547 451 2624 Ergo
468 2541 564 2622 quid?
593 2542 636 2602 Ut
650 2542 779 2622 donem,
796 2544 924 2623 Pastor,
946 2551 980 2605 et
993 2542 1162 2604 aedificem.

704 2677 812 2741 XXIII.

326 2795 353 2854 0
368 2795 417 2853 cui
430 2795 568 2874 virgineo
586 2795 755 2854 flavescere
770 2794 901 2872 contigit
918 2813 1010 2871 auro,

366 2878 423 2938 Dic
439 2881 490 2938 ubi
504 2877 674 2938 Palladium
689 2878 730 2937 sit
743 2877 816 2953 tibi,
839 2878 934 2956 Care,
957 2877 1075 2937 decus?

325 2963 468 3042 „Aspicis
483 2981 523 3022 en
540 2962 655 3024 domini
666 2959 825 3038 fulgentes
839 2979 991 3020 marmore
1005 2959 1130 3021 voltus?
1175 3037 1180 3046 Ι

369 3047 465 3109 Venit
481 3046 519 3106 ad
530 3048 587 3106 Iros
601 3046 684 3106 ultro
699 3050 806 3103 nostra
820 3063 933 3104 corona
946 3044 1082 3104 eomas-‘⁶

305 3128 466 3192 odibanee
480 3130 578 3191 livere
593 3135 698 3210 potest
710 3129 762 3207 pia
778 3147 909 3205 quercus
925 3127 1040 3206 oliuae,

368 3216 510 3295 Cinxerit
523 3216 670 3276 invictum
689 3209 772 3292 quod
785 3213 873 3292 prior
887 3209 942 3272 illa
956 3218 1056 3293 eaput.

707 3346 817 3409 XXIV.

327 3465 402 3541 Quis
416 3462 573 3524 Palatinos
586 3464 723 3523 imitatus
736 3462 870 3540 imagine
884 3458 985 3520 voltus
1108 3537 1113 3541 .

368 3548 547 3610 Phidiacum
558 3547 646 3607 Latio
662 3565 813 3606 marmore
828 3545 902 3605 vicit
915 3544 1034 3611 eburi,

328 3633 413 3693 Haec
428 3631 533 3693 mundi
549 3631 663 3708 facies,
685 3631 762 3690 haec
777 3635 849 3690 sunt
862 3629 940 3690 Iovis
955 3648 1009 3688 ora
1022 3628 1143 3689 sereni:

372 3718 422 3777 Sic
436 3722 523 3778 tonat
535 3714 592 3776 ille
607 3714 700 3792 deus,
722 3734 791 3775 cum
805 3715 872 3775 siue
883 3714 969 3774 'nube
982 3718 1083 3777 tonat.
1134 3760 1138 3767 .
