3267 4409
528 468 868 530 EPIGRAMMA'I'ON
881 469 956 535 LIB.
970 471 1049 534 vut
1239 471 1302 536 189

349 617 498 698 Diligeris
511 620 624 700 populo
640 641 702 680 uon
717 627 848 702 propter
862 624 1016 702 praemia²
1033 623 1165 705 Caesar,

389 703 525 785 Propter
537 710 571 764 te
584 703 717 787 populus
731 706 882 786 praemia,
904 707 1034 787 Cacsar,
1057 714 1145 769 amat.

751 833 817 897 LV.

349 944 484 1006 Auditur
499 951 643 1025 quantum
659 946 796 1026 Massyla
809 965 868 1027 per
882 948 946 1008 avia
961 966 1112 1026 murmur,

390 1030 553 1090 Innumero
570 1033 712 1110 quotiens
727 1031 804 1091 silva
819 1030 910 1091 leone
925 1031 1017 1109 furit,

348 1112 485 1174 Pallidus
502 1117 648 1174 attonitos
665 1115 703 1174 ad
716 1116 821 1175 Poena
835 1114 965 1195 mapalia
977 1120 1085 1195 pastor

393 1198 471 1257 (lum
485 1205 610 1258 revocat
624 1206 727 1259 tauros
743 1206 776 1258 et
791 1201 857 1259 sine
872 1205 976 1259 mente
990 1218 1103 1278 pecus:
1205 1236 1208 1241 .

327 1281 478 1342 5Tantus'
487 1284 519 1341 iu
535 1283 670 1342 Ausonia
685 1283 812 1343 fremuit
826 1282 917 1343 modo
931 1288 1036 1362 terror
1049 1284 1175 1344 harena.

394 1365 469 1441 Quis
483 1386 545 1425 nou
561 1385 630 1426 esse
646 1386 772 1445 gregem
786 1367 954 1427 crederet?
975 1386 1053 1426 unua
1068 1376 1152 1447 erat,

350 1448 415 1509 Sed
430 1451 515 1510 cuius
530 1456 702 1519 tremerent
715 1453 774 1530 ipsi
790 1470 911 1531 quoqne
925 1452 992 1510 iura
1005 1449 1132 1532 leones,
1193 1490 1197 1494 -

392 1535 450 1594 Cui
466 1533 605 1594 diadema
621 1535 709 1595 daret
724 1554 875 1595 marmore
890 1536 972 1615 picta
985 1535 1105 1597 Nomas.

350 1617 377 1678 0
394 1624 538 1697 quantum
554 1638 611 1699 per
626 1617 708 1679 colla
722 1618 834 1698 decus,
857 1638 946 1699 quem
962 1621 1074 1698 sparsit
1087 1620 1236 1682 honorem

309 1711 343 1763 10
391 1703 495 1762 Aurea
507 1701 645 1782 lunatae,
666 1724 733 1763 cnm
749 1705 853 1782 stetit,
874 1705 981 1763 umbra
996 1704 1101 1764 iubae!

306 1831 309 1835 -
352 1786 489 1846 Grandia
504 1807 591 1865 quam
608 1787 712 1848 decuit
725 1788 821 1848 latum
835 1787 983 1848 venabula
997 1794 1106 1868 pectus
1193 1809 1195 1815 '

395 1870 575 1951 Quantaque
591 1871 630 1931 de
646 1891 752 1951 magna
767 1871 875 1950 gaudia
890 1877 989 1932 morte
1005 1866 1090 1933 tulit!

350 1953 442 2014 Unde
459 1956 537 2031 tuis,
559 1957 674 2035 Libye,
696 1964 758 2015 tam
773 1955 850 2016 felix
865 1955 963 2034 gloria
979 1954 1085 2015 silvis?

394 2039 421 2098 A
437 2039 573 2118 Cybeles
588 2038 735 2118 numquid
750 2046 878 2099 venerat
892 2039 947 2099 ille
961 2039 1056 2117 iugo?

309 2133 341 2185 15
352 2123 399 2183 An
415 2125 510 2201 magis
525 2123 700 2202 Herculeo,
723 2124 924 2201 Germanice,
945 2123 1029 2183 misit
1044 2124 1080 2184 ab
1096 2129 1178 2183 astro

394 2207 482 2267 Hanc
497 2209 555 2268 tibi
569 2208 619 2268 vel
633 2209 748 2287 frater,
769 2206 819 2267 vel
835 2213 924 2287 pater
939 2208 1007 2288 ipse
1022 2207 1142 2268 ieram?

746 2349 823 2413 LVI.

352 2462 558 2543 Temporibus
572 2466 687 2526 uostris
703 2471 786 2525 aetas
802 2483 871 2525 cum
886 2462 976 2523 cedat
992 2470 1115 2523 tuorum

393 2549 537 2609 Creverit
553 2556 586 2608 et
599 2551 696 2610 maior
712 2570 779 2609 cum
795 2548 873 2608 duce
888 2548 983 2608 Roma
998 2566 1069 2626 suo,

350 2631 509 2710 Ingenium
524 2634 603 2692 sacri
618 2635 739 2693 miraris
755 2633 864 2693 deesse
880 2632 1035 2710 Maronis,

391 2717 457 2776 Nec
473 2735 654 2796 quemquam
669 2724 753 2778 tanta
768 2716 853 2777 bella
868 2735 978 2777 sonare
994 2716 1077 2778 tuba.

330 2799 433 2860 bSunt
447 2801 664 2880 Maecenates,
685 2821 746 2860 non
763 2800 912 2879 deerunt,
933 2799 1063 2877 Flacca,
1085 2799 1248 2876 Marones,

392 2883 627 2963 Vergiliumque
643 2886 700 2945 tibi
713 2884 763 2945 vel
777 2891 830 2946 tua
844 2905 916 2945 rura
932 2883 1055 2945 dabunt.

349 2967 459 3046 Iugera
472 2968 655 3053 perdiderat
669 2971 800 3029 miserae
814 2970 913 3030 vicina
928 2970 1100 3028 Cremonae

393 3051 506 3112 Flebat
520 3060 553 3113 et
567 3052 713 3113 abductas
729 3052 863 3131 Tityrus
874 3069 967 3130 aeger
982 3068 1064 3110 oves.

351 3134 432 3196 Risit
448 3137 567 3196 Tuscus
583 3155 696 3216 eques,
719 3141 995 3216 paupertatemque
1010 3131 1171 3212 malignam

312 3228 345 3280 ιο
393 3219 543 3301 Reppulit
558 3228 591 3281 et
606 3219 705 3281 celeri
720 3221 810 3280 iussit
825 3220 911 3298 abira
926 3219 1006 3297 fuga.
1133 3225 1140 3237 “

351 3305 489 3384 „Accipe
505 3305 626 3366 divitias
641 3310 674 3365 ct
688 3310 788 3364 vatum
805 3306 950 3363 maximus
966 3307 1051 3375 esto;

394 3388 444 3448 Tu
458 3387 534 3448 licet
550 3396 582 3448 et
595 3389 756 3449 nostrum“
772 3387 850 3448 dixit
863 3386 999 3466 „Alexin
1014 3385 1129 3451 ames.“

350 3474 479 3532 Astabat
495 3472 609 3533 domini
625 3475 739 3532 mensis
753 3473 981 3552 pulcherrimus
996 3466 1051 3531 ille

392 3557 570 3617 Marmorea
583 3557 716 3617 fundens
730 3559 817 3635 nigra
832 3555 965 3616 Falerna
979 3573 1093 3633 manu,

309 3642 387 3703 15Et
402 3641 497 3701 libata
512 3640 604 3701 dabat
617 3643 717 3701 roseis
732 3642 890 3701 carchesia
905 3639 1020 3716 labris,

393 3727 478 3803 Quae
493 3727 751 3807 poterantipsum
765 3724 935 3787 sollicitare
950 3724 1064 3786 lovem.
