3267 4409
375 481 417 545 66
665 495 669 499 ·
717 493 753 542 n.
774 492 846 542 nm.
860 457 1055 542 ¹rovrsrtams

375 633 526 696 Mandaret
547 633 682 712 laqueum
704 632 886 711 mediumque
911 631 1080 692 ostenderet
1101 648 1234 709 unguem.

375 717 455 797 Ergo
482 734 663 797 supervacua
689 725 737 776 aut
758 716 808 776 vel
833 717 999 795 perniciosa
1020 724 1164 794 petuntur,

375 802 500 881 Propter
522 818 595 880 quae
619 800 664 860 ias
689 809 852 878 estrgenua
874 801 1007 859 incerare
1032 799 1160 859 deorum.
1326 811 1361 864 55

418 885 566 958 Quosdam
587 884 760 962 praecipitat
781 880 913 944 subiecta
934 883 1064 960 potentia
1085 901 1207 963 maguae

375 969 519 1037 Invidiae;
545 969 649 1044 mergit
673 967 761 1046 longa
784 976 871 1046 atque
893 969 1013 1044 insignis
1034 967 1175 1027 lrouorum
1246 1017 1251 1022 .
1345 967 1347 970 ’

375 1054 492 1130 Pagina.
525 1050 714 1111 Descendunt
735 1060 850 1112 statuae
872 1060 1039 1128 restemque
1064 1058 1232 1129 sequuntur,

375 1138 460 1215 lpsas
483 1135 588 1196 deinde
610 1144 690 1194 rotas
712 1134 843 1212 bigarum
867 1136 990 1214 impacta
1012 1135 1126 1194 securis

376 1218 478 1280 Caedit
500 1229 529 1279 et
552 1221 698 1278 immeritis
719 1219 888 1296 franguntur
912 1235 995 1279 crura
1019 1217 1154 1279 caballisi
1257 1231 1260 1236 ·
1324 1229 1364 1283 60.

374 1303 433 1364 lam
459 1303 580 1362 strident
604 1303 702 1380 ignes,
727 1304 783 1362 iam
804 1302 923 1364 follibus
946 1311 1031 1381 atque
1056 1302 1174 1362 caminis
1395 1322 1398 1330 ¹

375 1388 468 1447 Ardet
492 1387 637 1447 adoratum
663 1386 773 1466 populo
799 1397 885 1466 caput
911 1395 941 1447 et
963 1394 1064 1464 crepat
1086 1387 1189 1462 iugens

376 1472 513 1541 Seianum
542 1468 646 1531 deinde
673 1487 711 1529 ex
735 1470 812 1531 facie
832 1479 894 1530 toto
917 1469 990 1530 orbe
1013 1470 1140 1530 secunda

375 1553 459 1625 Fiunt
480 1555 608 1629 urceoli,
631 1553 752 1632 pelves,
775 1547 908 1632 sartago,
933 1553 1078 1615 matellae.

375 1639 455 1698 Pone
481 1637 558 1696 domi
581 1637 694 1713 laurus,
717 1637 772 1697 duo
797 1639 826 1697 in
848 1635 993 1718 Capitolia
1013 1655 1145 1714 magnum
1326 1647 1359 1701 ot

376 1718 582 1797 cretatumque
603 1718 725 1780 bovem:
747 1721 868 1782 Seianus
890 1722 1002 1782 ducitur
1025 1738 1100 1782 unco
1195 1793 1202 1803 ι

376 1804 573 1884 Spectandus;
596 1803 723 1882 gaudent
744 1821 860 1865 omues:
873 1804 967 1879 ¹Quae
987 1802 1083 1886 labra,
1107 1804 1170 1883 quis
1192 1804 1234 1864 illi

375 1888 479 1949 Vultus
501 1887 579 1948 erat!
604 1905 769 1975 umquam,
796 1889 821 1948 si
844 1889 911 1967 quid
933 1888 1001 1948 milri
1025 1888 1136 1964 credis,
1161 1889 1253 1948 amavi

300 1972 304 1980 '
375 1972 457 2032 Hunc
478 1971 636 2032 hominem!
662 1972 715 2032 sed
737 1989 795 2051 quo
820 1973 926 2033 cecidit
950 1970 1004 2032 suh
1027 1968 1167 2032 crimiuei
1190 1975 1318 2052 quisnam

375 2053 517 2116 Delator‘l
550 2054 653 2135 quibus
684 2057 820 2134 iudiciis,
859 2074 916 2136 quo
941 2065 1017 2116 teste
1039 2053 1196 2136 probavit?
1217 2091 1259 2104 —-
1326 2066 1359 2121 to

376 2138 423 2199 Nil
446 2139 562 2199 horum:
585 2138 764 2200 verbosaet
783 2140 913 2217 grandis
927 2141 1052 2220 epistola
1076 2141 1155 2201 verrit
1191 2189 1198 2219 ,

376 2222 404 2282 Α
422 2221 553 2302 Capreis.
567 2256 609 2270 -·
624 2223 704 2283 Bene
720 2222 823 2293 habet:
846 2224 887 2284 nil
904 2225 970 2305 plus
981 2226 1139 2302 interrogo.
1155 2258 1195 2272 -
1218 2224 1278 2285 Sed
1292 2225 1359 2304 quid

377 2306 473 2367 Turba
495 2303 599 2366 Remi?
636 2307 774 2386 Sequitur
795 2308 938 2370 fortunam
959 2318 991 2369 ut
1012 2327 1129 2387 semper
1151 2316 1181 2368 et
1202 2309 1261 2370 odit

376 2391 549 2459 Damnatos;
574 2389 650 2450 idem
670 2392 815 2470 populus,
843 2394 868 2453 si
889 2391 988 2453 Nortia
1009 2392 1105 2453 Tusco

315 2487 323 2505 ¹
377 2473 527 2551 Fecisset,
551 2475 575 2534 si
601 2492 744 2553 oppressa
765 2476 843 2536 forst
863 2492 968 2537 secura
991 2484 1127 2535 senectus
1325 2483 1357 2537 75

377 2557 535 2635 Principis,
562 2557 617 2619 hac
637 2560 700 2637 ipsa
722 2559 857 2619 Seianum
878 2559 991 2619 diceret
1014 2557 1086 2618 liora

377 2635 549 2718 Aug'ustum.
588 2640 795 2722 Iampridem,
817 2659 856 2701 ex
881 2657 938 2721 quo
962 2641 1098 2718 suffragia
1119 2639 1189 2700 nulli

376 2724 552 2803 Vendimns,
573 2725 672 2786 eiludit
694 2742 794 2795 curas;
816 2742 881 2786 nam
906 2725 953 2804 qui
974 2724 1059 2786 debat
1084 2723 1151 2784 olim

259 2870 264 2883 ,
376 2808 548 2888 1ωρθτίιιπι,
574 2809 688 2889 fasces,
713 2810 866 2888 legiones,
889 2809 1000 2886 munla,
1022 2826 1098 2870 nuno
1120 2825 1153 2869 se
1241 2824 1244 2828 ·

379 2890 514 2955 Continet
537 2897 625 2972 'atque
650 2894 721 2955 duas
743 2902 850 2956 tanmm
870 2911 920 2954 res
941 2895 1042 2954 anxius
1067 2901 1158 2972 optat,
1325 2904 1360 2957 80

377 2975 483 3037 Panem
507 2985 537 3038 et
559 2979 718 3039 circenses.
740 3009 783 3026 -·
803 2978 952 3040 Perituros
976 2977 1061 3039 audio
1081 2977 1197 3037 multos.

378 3058 425 3121 Nil
450 3059 579 3138 dubium,
606 3073 710 3140 magna
730 3070 776 3121 est
797 3062 962 3133 lomacula;
985 3061 1139 3142 pallidulus
1158 3061 1201 3121 mi

376 3138 521 3205 Brutidius
544 3162 624 3205 meus
646 3146 683 3207 ad
702 3143 803 3206 llartis
825 3146 878 3207 luit
902 3146 1004 3207 obvius
1027 3163 1114 3207 aram.

378 3226 470 3301 Quam
494 3229 599 3306 timeo,
617 3231 715 3296 ¹victus
740 3247 778 3289 ns
800 3247 911 3310 poenas
935 3232 1035 3309 exigat
1056 3230 1131 3291 Aiax

376 3309 415 3371 Ut
435 3312 510 3373 male
531 3312 684 3374 defensus!
711 3331 858 3375 curmmus
883 3316 1059 3394 praecipites
1083 3324 1122 3391 et,
1325 3323 1359 3377 st

377 3392 451 3454 Dum
475 3398 552 3457 iacet
574 3398 603 3456 in
624 3397 704 3476 ripa,
729 3397 875 3460 calcemus
900 3395 1035 3460 Caesaris
1057 3398 1180 3458 hostem.

378 3478 437 3537 Sed
459 3481 577 3541 videant
597 3482 692 3557 servi,
711 3499 749 3541 ne
771 3484 836 3561 quis
857 3492 947 3559 neget
962 3492 991 3542 et
1012 3483 1146 3561 pavidum
1167 3481 1260 3541 iuius

379 3556 503 3623 Cervicc
528 3563 668 3624 obstricta
690 3564 833 3626 domiuum
854 3566 957 3626 trahat.
983 3599 1026 3612 —-
1046 3564 1085 3626 lli
1104 3582 1254 3626 sermones

379 3642 459 3703 Tunc
481 3644 517 3704 de
539 3647 662 3724 Seiano,
686 3658 801 3709 secreta
826 3648 900 3710 haec
927 3666 1068 3710 murmura
1091 3650 1187 3727 vulgi.-

378 3725 468 3788 Visne
491 3729 609 3791 salutari
632 3732 707 3797 sicut
730 3729 873 3794 Seianus?
898 3731 1007 3799 habere
1327 3743 1361 3798 90
