3267 4409
694 480 818 531 SATIBA
840 481 891 531 111.

296 625 444 700 Porticus,
466 623 604 683 insomnis
626 621 730 702 quihus
752 630 782 681 et
804 622 926 682 detonsa
949 621 1081 683 iuventus

296 708 446 785 Invigilat,
473 707 586 784 siliquis
612 715 641 766 et
665 707 765 781 grandi
788 715 869 784 pasta
890 707 1007 784 polenta
1015 729 1023 775 ;

296 792 333 852 Et
354 791 406 851 tibi
427 808 501 870 qnae
524 789 637 849 Samios
663 789 780 849 deduxit
802 790 898 861 littera
923 807 1019 849 ramos

296 878 470 951 Surgentem
491 874 595 934 dextro
618 873 787 932 monstravit
810 872 899 931 limite
924 873 1038 933 callem.

296 959 400 1019 Stertis
422 956 533 1031 adhuc,
555 956 708 1033 laxumque
733 964 818 1034 caput
842 973 983 1034 compage
1006 957 1099 1016 soluta

297 1040 409 1100 Oscitat
431 1041 612 1114 hesternum,
637 1039 754 1098 dissutis
776 1039 900 1116 undique
925 1040 1023 1099 malis!

296 1124 350 1184 Est
375 1123 483 1200 aliquid
509 1139 566 1200 quo
592 1121 702 1196 tendis,
725 1131 754 1181 et
774 1123 803 1180 in
825 1139 880 1199 quo
904 1122 1005 1198 dirigis
1029 1122 1147 1183 arcum?

297 1208 343 1267 An
365 1209 471 1284 passim
493 1207 628 1282 sequeris
650 1221 757 1264 corvos
779 1213 912 1282 testaque
935 1205 1065 1283 lutoque,

297 1293 425 1351 Securus
448 1305 505 1366 quo
527 1306 581 1366 pes
603 1287 693 1362 ierat,
718 1297 804 1366 atque
827 1304 864 1346 ex
885 1297 1018 1365 tempore
1039 1287 1134 1348 vivis?

297 1373 486 1434 llelleborum
506 1371 629 1453 frustra,
654 1387 739 1447 quom
761 1373 815 1429 iam
842 1372 914 1430 cutis
937 1388 1027 1448 aegra
1048 1373 1178 1448 tumebit,

297 1457 459 1521 Poscentes
483 1455 599 1515 videas:
626 1455 752 1513 uenienti
775 1455 918 1513 occurrite
940 1454 1057 1514 morbo!

298 1539 336 1600 in
359 1539 425 1617 quid
448 1553 522 1617 opus
547 1534 668 1597 Cratero
690 1554 810 1613 magnos
834 1539 1002 1614 promittere
1024 1537 1159 1598 montes?

298 1624 428 1698 Discite,
454 1638 471 1681 o
495 1621 608 1695 miseri,
634 1629 663 1680 et
685 1638 788 1680 causas
811 1622 980 1697 cognoscite
1004 1641 1115 1682 rernm:

299 1705 375 1781 Quid
398 1722 510 1780 sumus,
537 1713 566 1765 et
589 1704 723 1783 quidnam
745 1705 848 1763 victuri
870 1706 1025 1781 gignimur;
1048 1706 1120 1765 ordo

299 1791 371 1864 Quis
393 1788 490 1863 datus,
514 1797 561 1847 aut
582 1796 676 1847 metae
701 1805 785 1865 quarn
807 1788 903 1847 mollis
925 1788 1017 1848 llexus
1040 1798 1069 1848 et
1088 1788 1178 1854 unde;

300 1873 371 1946 Quis
389 1871 492 1931 modus
514 1879 651 1947 argento,
676 1871 744 1947 quid
765 1871 810 1929 las
833 1880 953 1949 optare,
977 1873 1042 1949 quid
1064 1889 1151 1948 asper

299 1955 377 2016 Utile
398 1972 526 2014 nummus
551 1953 652 2021 habet;
677 1953 786 2031 patriae
812 1955 944 2031 carisque
968 1955 1138 2033 propinquis

301 2039 441 2113 Quantum
464 2037 583 2114 elargiri
606 2037 725 2103 deceat;
748 2054 833 2114 quem
855 2045 884 2095 te
908 2036 979 2096 deus
1007 2056 1073 2097 esse

299 2121 403 2195 Iussit,
432 2130 461 2181 et
482 2120 602 2180 humana
625 2137 681 2198 qna
703 2129 786 2197 parte
808 2119 921 2179 locatus
945 2138 977 2179 es
999 2122 1027 2179 iu
1048 2139 1093 2188 re;

300 2205 406 2279 Disce,
430 2221 485 2262 uec
506 2203 653 2278 invideas,
676 2203 754 2281 quod
775 2205 861 2263 multa
884 2203 981 2264 lidclia
1005 2213 1085 2282 putet
1110 2233 1112 2237 >

301 2287 333 2347 ln
353 2286 501 2365 locuplete
526 2304 618 2365 penu,
641 2286 769 2346 defensis
794 2286 947 2364 pinguibus
969 2286 1094 2361 Umbris,

301 2370 338 2429 Et
364 2371 448 2448 piper
470 2378 500 2428 et
523 2386 646 2448 pernae,
669 2369 757 2430 llarsi
776 2379 957 2430 monumenta
979 2370 1101 2447 clientis,

301 2452 443 2530 llleuaque
465 2454 542 2530 quod
568 2454 658 2530 prima
680 2454 804 2513 nondum
826 2453 970 2513 deiecerit
994 2471 1071 2514 oroa.

343 2536 397 2595 llic
419 2535 523 2613 aliquis
547 2536 583 2595 de
607 2544 695 2614 gente
718 2537 834 2597 hircosa
854 2539 1051 2597 centurionum

302 2618 400 2680 Dicat:
425 2618 510 2691 Quod
533 2620 602 2678 satis
625 2628 670 2679 est
692 2622 774 2698 sapio
795 2621 877 2688 mihi;
897 2639 954 2680 non
978 2638 1040 2698 ego.
1057 2639 1127 2682 curo
1212 2684 1215 2689 ξ

301 2701 378 2762 Esse
402 2702 478 2780 quod
500 2702 650 2763 Arcesilas
672 2707 894 2782 aerumnosique
917 2704 1053 2780 Solones,

303 2785 425 2864 Obstipo
449 2787 544 2864 capite
566 2796 595 2846 et
616 2786 740 2864 figentes
763 2787 867 2846 lumine
890 2796 1024 2861 terram„

302 2868 446 2928 lllnrmura
471 2887 555 2946 quum
577 2888 676 2929 secum
699 2880 728 2930 et
749 2871 865 2929 rabiosa
885 2869 999 2929 silentia
1026 2870 1128 2929 rodunt

302 2952 399 3029 Atque
424 2961 599 3030 exporrecto
623 2955 792 3013 trutinantur
811 2952 902 3012 verba
926 2953 1045 3029 labello,

302 3035 426 3112 Aegroti
448 3037 556 3095 veteris
578 3037 750 3095 meditantes
773 3037 896 3111 somnia,
921 3037 1007 3114 gigni

301 3117 349 3179 De
369 3120 461 3181 nilnilo
478 3120 620 3194 nihilum,
641 3122 674 3180 in
693 3121 819 3181 nililnm
839 3121 882 3180 nil
897 3136 988 3196 posse
1010 3122 1130 3180 roverti.

302 3200 366 3260 lloc
380 3210 441 3278 est,
454 3201 531 3280 quod
543 3201 658 3281 palles?
674 3221 724 3262 our
737 3205 800 3282 quis
815 3221 871 3262 non
883 3202 1038 3280 prandeat,
1051 3202 1107 3262 hoc
1120 3202 1234 3263 esti—
1244 3213 1279 3268 85

302 3283 352 3344 llis
375 3287 500 3364 populus
521 3287 612 3362 ridet,
634 3287 809 3364 multumque
831 3295 930 3345 torosa
953 3287 1084 3344 iuventus

302 3367 460 3444 ingeminat
481 3369 620 3428 tremulos
641 3387 711 3429 naso
737 3371 882 3446 crispante
904 3368 1070 3428 cachinnos.
1092 3401 1134 3416 ·-·

301 3449 448 3529 inspica-
468 3456 571 3514 nosm‘o
593 3455 668 3531 qnid
687 3455 826 3530 trepidat
845 3453 918 3512 milti
935 3460 1045 3529 peonis
1065 3459 1093 3512 et
1114 3455 1218 3528 aspris

301 3533 458 3596 ancibno
478 3546 646 3612 exsuperat
663 3538 771 3614 procis
792 3537 922 3604 inlitam·
942 3537 1077 3612 inspice,
1100 3537 1209 3597 sodes!

303 3616 359 3689 Qui
380 3619 449 3677 dicit
469 3620 604 3694 medico,
623 3621 718 3678 iussus
739 3621 944 3695 requiescere,
968 3626 1119 3696 postquam
1245 3627 1281 3682 90

303 3698 401 3762 Tertia
423 3704 599 3782 compositas
622 3702 692 3763 vidit
713 3719 772 3763 uox
794 3718 911 3762 currere
933 3719 1034 3777 venas,
