3267 4409
611 997 970 1077 PRAEFATIO.

360 1223 409 1316 De
421 1259 520 1315 Decimo
533 1260 600 1315 lunio
610 1260 721 1316 iuvenale
730 1277 791 1333 quae
800 1278 904 1328 seimus,
922 1262 1010 1334 partim
1020 1264 1094 1335 ipsius
1104 1265 1182 1321 satiris
1192 1268 1278 1337 partim

300 1345 468 1416 grammaticis
484 1354 509 1398 et
519 1345 653 1399 scholiastis
670 1345 798 1418 debemus,
816 1363 917 1418 quinium
933 1353 1014 1402 tamen
1031 1349 1056 1403 iu
1067 1350 1241 1405 narrationibus
1251 1359 1279 1407 ut

300 1443 346 1488 ea.
358 1443 418 1499 quiae
429 1443 458 1482 ex
469 1435 555 1498 poetae
566 1428 646 1482 uerbis
663 1429 764 1484 oolleota
781 1445 889 1502 quaeque
902 1431 996 1486 aliunde
1013 1439 1110 1503 aeeepta
1127 1435 1278 1506 etantiquae

300 1511 381 1565 famae
397 1511 444 1566 fide
461 1512 546 1565 tradita
564 1527 618 1565 esse
634 1511 757 1582 probabile
770 1514 815 1580 sit,
833 1520 900 1568 recte
916 1514 1106 1586 distinguantur,
1126 1517 1201 1587 ipsius
1211 1517 1241 1573 de
1251 1533 1285 1580 se

299 1595 439 1648 testimonia
455 1596 562 1665 quamvis
580 1611 655 1665 panea
670 1597 736 1666 prius
753 1597 829 1651 audiri
851 1613 912 1667 opus
931 1605 976 1653 est.
1011 1597 1042 1654 Et
1061 1601 1162 1669 patriam
1181 1601 1277 1672 quidem

300 1678 422 1748 Aquinum
431 1678 572 1734 Volsnomm
583 1680 697 1750 oppidum
707 1681 770 1735 clare
786 1688 903 1737 memorat
913 1680 964 1740 Sat.
975 1681 1014 1736 [ΙΙ.
1026 1686 1088 1744 819.
1107 1698 1153 1738 nee
1162 1685 1277 1754 pueritiae

301 1763 1278 1836 grammaticam,adolescentiaerhetorioamdisciplinamdissimulatl.15.16;de

299 1846 450 1903 uitaeautem
460 1848 537 1915 spatio
548 1846 605 1902 illud
617 1854 709 1902 tantum
721 1849 875 1918 assequimur,
883 1855 910 1904 ut
919 1863 975 1903 eum
982 1848 1089 1912 Neronis,
1099 1849 1195 1912 Galbae,
1202 1848 1278 1905 Otho·

300 1929 356 1992 uis,
371 1928 500 1984 Domitiani
511 1936 619 2000 tempora
629 1931 716 1984 vidisse
725 1931 809 2001 hisque
820 1932 972 2001 superstitem
983 1947 1032 1986 non
1042 1932 1114 1987 modo
1125 1932 1170 1988 sub
1177 1933 1277 1988 urnam

300 2011 402 2067 diarium
408 2013 515 2068 Priscum
527 2013 560 2078 (Ι.
571 2017 620 2077 49:
631 2014 693 2069 Vlll.
708 2016 769 2080 120)
781 2014 919 2069 damnatum
930 2015 1073 2079 meminisse,
1084 2016 1126 2071 sed
1137 2016 1175 2071 uel
1186 2017 1214 2071 ad
1223 2017 1277 2071 lun·

300 2110 358 2151 eum
374 2097 496 2151 consulem
516 2097 579 2162 (XV.
591 2101 638 2161 at)
650 2103 752 2151 aetatem
762 2097 903 2166 produxisse
919 2097 1094 2169 intelligamus.
1111 2114 1183 2170 quem
1202 2115 1275 2172 quum

300 2194 323 2234 a.
337 2182 387 2237 117
398 2195 422 2250 p.
435 2179 492 2234 Chr.
503 2181 671 2251 magistratum
682 2180 786 2250 gessisse
798 2187 892 2236 constet
907 2181 954 2247 (ol.
965 2180 1083 2236 Cardiuali
1094 2183 1118 2236 in
1129 2182 1191 2237 biss.
1203 2183 1274 2238 dead.

299 2261 372 2317 Rom.
384 2262 501 2320 arehaeol.
522 2266 588 2322 1835
604 2264 632 2318 Τ.
649 2263 693 2327 vl,
705 2279 730 2333 p,
742 2266 823 2334 aad),
841 2264 989 2336 Borghesius
999 2265 1023 2319 iu
1034 2265 1191 2321 eruditissima
1209 2282 1276 2321 com·

297 2347 445 2401 mentatione
465 2349 560 2403 intem
576 2347 618 2402 alt·
630 2347 669 2402 eut
681 2347 708 2402 di
718 2345 845 2404 ddum
863 2346 935 2402 Rom.
954 2350 1022 2407 1847
1039 2357 1135 2418 poetam
1151 2350 1215 2405 eirea
1234 2365 1275 2405 an·

297 2445 357 2486 num
368 2433 402 2488 47
413 2447 437 2502 p.
450 2431 505 2486 Chr.
518 2437 601 2486 uatum
611 2445 664 2505 esse
675 2431 790 2494 oonieeit;
800 2432 975 2504 peregrinando
987 2431 1088 2503 denique
1101 2448 1128 2488 se
1138 2434 1274 2506 Aegyptum

297 2515 386 2569 adiisse
403 2515 454 2584 ipse
470 2513 520 2573 Sat.
538 2514 588 2571 XV.
605 2518 639 2572 45
657 2515 808 2587 significauit.
843 2516 913 2571 Hune
929 2517 993 2570 enim
1010 2517 1091 2572 looum
1106 2522 1134 2572 ut
1149 2532 1205 2573 oum
1223 2517 1274 2575 Val.

295 2596 414 2653 Fraunluio
424 2599 448 2652 iu
456 2598 540 2652 Euam.
552 2598 693 2656 oritluven.
703 2600 765 2654 uitae
776 2601 869 2667 (Alton.
882 2603 958 2658 1820.
972 2602 1003 2669 8)
1014 2603 1079 2670 pb&
1090 2616 1141 2672 sqq.
1153 2607 1275 2672 tamquam

294 2681 451 2736 subditieium
467 2683 617 2737 eliminemus
632 2682 721 2737 adeone
736 2689 812 2738 totam
824 2685 920 2739 satiram
937 2697 994 2739 eum
1004 2683 1058 2740 Gur.
1070 2684 1213 2755 Kompfioa'n
1226 2682 1275 2740 Ob-

294 2781 359 2821 seru.
377 2765 406 2820 ad
426 2765 505 2823 luven.
524 2766 614 2837 aliquot
628 2766 696 2819 locos
709 2765 803 2831 (Berol.
815 2770 899 2833 1843,
916 2766 947 2834 8)
964 2781 989 2836 p.
1002 2770 1037 2825 60
1046 2782 1099 2838 sqq.
1114 2766 1225 2822 quenale
1238 2768 1276 2821 in·

294 2849 396 2920 dignam
407 2849 552 2913 iudicemus,
565 2849 630 2904 nulla
640 2863 710 2902 eausa
721 2855 771 2911 ost;
782 2849 814 2904 ol.
827 2849 855 2907 G.
869 2849 973 2919 Pinzger
983 2848 1014 2903 de
1024 2864 1085 2904 vers.
1097 2865 1162 2919 spur.
1174 2856 1199 2903 nt
1214 2849 1275 2904 malo

293 2947 362 3001 susp.
381 2933 405 2987 in
423 2933 505 2988 quen.
519 2934 584 2986 satir.
595 2931 690 2986 Vratisl.
711 2934 787 2990 1827.
798 2937 831 2999 4,
848 2948 872 3003 p.
884 2938 919 2991 20
935 2938 960 2987 et
978 2932 1004 2988 d.
1024 2931 1051 2987 L.
1064 2931 1149 2988 Dollen
1160 2931 1232 2987 Beier.
1250 2949 1273 2986 a.

293 3015 374 3071 Kritik
392 3033 416 3071 n.
431 3016 496 3074 Eril.
508 3017 532 3072 d.
542 3016 657 3082 Juvenal,
674 3015 742 3069 Kiew
753 3018 831 3074 1846.
843 3019 874 3084 8,
893 3032 919 3086 p.
932 3017 980 3072 311
995 3031 1064 3086 sqq-3
1082 3015 1156 3071 modo
1175 3031 1206 3070 un
1216 3015 1274 3069 illud

292 3100 353 3154 inde
363 3099 522 3171 colligamus,
536 3099 599 3172 qnod
612 3099 775 3172 grammaticis
790 3099 911 3168 nonnullis
929 3099 1032 3169 placuit,
1050 3107 1090 3152 aut
1101 3100 1199 3154 omnino
1209 3113 1274 3153 mor-

293 3191 366 3237 tuum
376 3199 430 3238 esse
440 3185 465 3239 iu
476 3185 585 3255 Aegypto
597 3183 732 3238 quenalem
748 3192 790 3238 aut
806 3184 901 3239 exulem
917 3183 975 3237 illue
985 3183 1137 3252 pervenisse,
1155 3182 1219 3254 quod
1229 3182 1273 3236 etsi

292 3274 378 3328 nostra
389 3283 484 3339 quoque
494 3274 572 3322 aetate
583 3267 678 3337 plurimi
695 3267 810 3336 eredunt,
829 3274 910 3322 tamen
920 3281 966 3320 noe
976 3272 1062 3336 poetae
1072 3267 1150 3322 uerbis
1159 3261 1221 3321 inest
1231 3281 1274 3320 ne·

291 3365 342 3421 que
359 3352 502 3406 antestium
520 3367 638 3406 consensu
661 3351 781 3416 tinuatur,
802 3359 831 3406 ut
854 3351 964 3405 idoneum
988 3350 1155 3405 auctoritatem
1177 3349 1271 3404 babeat.

293 3433 390 3504 Quippe
400 3442 427 3489 ut
438 3436 484 3489 inm
496 3435 526 3490 ad
536 3434 581 3488 hos
592 3436 667 3490 oratio
678 3441 796 3501 transeat,
811 3434 842 3490 ad
857 3449 930 3489 unam
943 3433 1007 3487 illam
1018 3433 1091 3487 vitam
1108 3435 1166 3488 satis
1177 3433 1273 3504 antiqua

292 3518 389 3589 origine
399 3520 567 3588 conspicuam,
588 3516 659 3591 quam
670 3518 743 3573 Probi
760 3519 858 3573 nomine
868 3517 986 3587 Georgius
997 3516 1062 3572 Valle
1080 3517 1171 3573 inedit.
1183 3516 1272 3570 Veneta

291 3617 315 3656 a.
330 3604 397 3660 1486
407 3602 537 3674 publicauit
555 3603 697 3672 oodieasque
708 3603 846 3672 complures
856 3607 926 3672 atque
936 3600 988 3669 ipse
1005 3601 1110 3669 optimus
1126 3600 1273 3655 Pitboeannn
1312 3596 1316 3604 '
1386 3665 1387 3669 Ἰ

290 3686 401 3758 mamus
418 3687 546 3742 renentiori
561 3678 634 3741 manu
647 3686 775 3757 ascriptam
785 3682 915 3749 exilient,
931 3684 1048 3756 temporis
1058 3684 1278 3802 {euomuetuitao

1042 3783 1060 3822 a
