<?xml version="1.0" encoding="UTF-8"?>
<!DOCTYPE html PUBLIC "-//W3C//DTD XHTML 1.0 Transitional//EN"
    "http://www.w3.org/TR/xhtml1/DTD/xhtml1-transitional.dtd">
<html xmlns="http://www.w3.org/1999/xhtml" xml:lang="en" lang="en">
 <head>
  <title>
</title>
<meta http-equiv="Content-Type" content="text/html;charset=utf-8" />
  <meta name='ocr-system' content='tesseract 3.04.00' />
  <meta name='ocr-capabilities' content='ocr_page ocr_carea ocr_par ocr_line ocrx_word'/>
</head>
<body>
  <div class='ocr_page' id='page_1' title='image "./mvalmartialisep00martgoog_0039.png"; bbox 0 0 3267 4409; ppageno 0'>
   <div class='ocr_carea' id='block_1_1' title="bbox 491 474 1313 583">
    <p class='ocr_par' dir='ltr' id='par_1_1' title="bbox 491 474 1313 583">
     <span class='ocr_line' id='line_1_1' title="bbox 491 474 1313 583; baseline -0.001 -44"><span class='ocrx_word' id='word_1_1' title='bbox 491 572 494 583; x_wconf 17' lang='grc' dir='ltr'><strong><em>Β</em></strong></span> <span class='ocrx_word' id='word_1_2' title='bbox 564 474 904 550; x_wconf 80' lang='lat' dir='ltr'>EPIGRAMMATON</span> <span class='ocrx_word' id='word_1_3' title='bbox 917 476 991 539; x_wconf 84' lang='lat' dir='ltr'>LIB.</span> <span class='ocrx_word' id='word_1_4' title='bbox 1007 478 1029 541; x_wconf 93' lang='lat' dir='ltr'><strong>I.</strong></span> <span class='ocrx_word' id='word_1_5' title='bbox 1275 475 1313 538; x_wconf 84' lang='lat'><strong>15</strong></span> 
     </span>
    </p>
   </div>
   <div class='ocr_carea' id='block_1_2' title="bbox 317 624 1208 1467">
    <p class='ocr_par' dir='ltr' id='par_1_2' title="bbox 317 624 1208 1467">
     <span class='ocr_line' id='line_1_2' title="bbox 359 624 1208 708; baseline -0.004 -18"><span class='ocrx_word' id='word_1_6' title='bbox 359 632 414 690; x_wconf 84' lang='lat' dir='ltr'><strong>Bis</strong></span> <span class='ocrx_word' id='word_1_7' title='bbox 428 631 490 689; x_wconf 91' lang='lat' dir='ltr'><strong>iam</strong></span> <span class='ocrx_word' id='word_1_8' title='bbox 507 645 610 708; x_wconf 90' lang='lat' dir='ltr'><strong>paene</strong></span> <span class='ocrx_word' id='word_1_9' title='bbox 628 627 685 687; x_wconf 86' lang='lat' dir='ltr'><strong>tibi</strong></span> <span class='ocrx_word' id='word_1_10' title='bbox 700 624 807 686; x_wconf 88' lang='lat' dir='ltr'><strong>consul</strong></span> <span class='ocrx_word' id='word_1_11' title='bbox 823 627 997 687; x_wconf 75' lang='lat' dir='ltr'><strong>tricesimus</strong></span> <span class='ocrx_word' id='word_1_12' title='bbox 1011 628 1120 706; x_wconf 80' lang='lat' dir='ltr'><strong>Instat,</strong></span> <span class='ocrx_word' id='word_1_13' title='bbox 1203 682 1208 698; x_wconf 84' lang='lat'><strong>,</strong></span> 
     </span>
     <span class='ocr_line' id='line_1_3' title="bbox 397 710 1025 791; baseline -0.008 -17"><span class='ocrx_word' id='word_1_14' title='bbox 397 715 442 776; x_wconf 76' lang='lat' dir='ltr'><strong>nt</strong></span> <span class='ocrx_word' id='word_1_15' title='bbox 458 717 604 772; x_wconf 89' lang='lat' dir='ltr'><strong>numerat</strong></span> <span class='ocrx_word' id='word_1_16' title='bbox 617 730 731 791; x_wconf 89' lang='lat' dir='ltr'><strong>pancos</strong></span> <span class='ocrx_word' id='word_1_17' title='bbox 745 712 794 770; x_wconf 82' lang='lat' dir='ltr'><strong>vin</strong></span> <span class='ocrx_word' id='word_1_18' title='bbox 808 716 860 770; x_wconf 88' lang='lat' dir='ltr'><strong>tua</strong></span> <span class='ocrx_word' id='word_1_19' title='bbox 873 712 935 770; x_wconf 87' lang='lat' dir='ltr'><strong>vita</strong></span> <span class='ocrx_word' id='word_1_20' title='bbox 950 710 1025 770; x_wconf 90' lang='lat' dir='ltr'><strong>dies.</strong></span> 
     </span>
     <span class='ocr_line' id='line_1_4' title="bbox 336 794 1160 874; baseline -0.006 -15"><span class='ocrx_word' id='word_1_21' title='bbox 336 799 428 860; x_wconf 86' lang='lat' dir='ltr'><strong>5Non</strong></span> <span class='ocrx_word' id='word_1_22' title='bbox 442 799 525 856; x_wconf 93' lang='lat' dir='ltr'><strong>bene</strong></span> <span class='ocrx_word' id='word_1_23' title='bbox 541 794 702 855; x_wconf 78' lang='lat' dir='ltr'><strong>distuleris</strong></span> <span class='ocrx_word' id='word_1_24' title='bbox 716 794 821 854; x_wconf 87' lang='lat' dir='ltr'><strong>videas</strong></span> <span class='ocrx_word' id='word_1_25' title='bbox 837 794 919 872; x_wconf 87' lang='lat' dir='ltr'><strong>quod</strong></span> <span class='ocrx_word' id='word_1_26' title='bbox 932 813 1025 874; x_wconf 88' lang='lat' dir='ltr'><strong>posse</strong></span> <span class='ocrx_word' id='word_1_27' title='bbox 1038 797 1160 872; x_wconf 79' lang='lat' dir='ltr'><strong>negari,</strong></span> 
     </span>
     <span class='ocr_line' id='line_1_5' title="bbox 398 878 1154 957; baseline -0.001 -16"><span class='ocrx_word' id='word_1_28' title='bbox 398 882 441 942; x_wconf 78' lang='lat' dir='ltr'><strong>lot</strong></span> <span class='ocrx_word' id='word_1_29' title='bbox 455 879 555 942; x_wconf 89' lang='lat' dir='ltr'><strong>solum</strong></span> <span class='ocrx_word' id='word_1_30' title='bbox 571 880 632 938; x_wconf 89' lang='lat' dir='ltr'><strong>hoc</strong></span> <span class='ocrx_word' id='word_1_31' title='bbox 648 878 763 956; x_wconf 74' lang='lat' dir='ltr'><strong>dracas,¹</strong></span> <span class='ocrx_word' id='word_1_32' title='bbox 780 878 863 957; x_wconf 90' lang='lat' dir='ltr'><strong>quod</strong></span> <span class='ocrx_word' id='word_1_33' title='bbox 876 878 954 956; x_wconf 89' lang='lat' dir='ltr'><strong>fuit,</strong></span> <span class='ocrx_word' id='word_1_34' title='bbox 977 897 1045 938; x_wconf 88' lang='lat' dir='ltr'><strong>esse</strong></span> <span class='ocrx_word' id='word_1_35' title='bbox 1060 887 1154 943; x_wconf 89' lang='lat' dir='ltr'><strong>tuum.</strong></span> 
     </span>
     <span class='ocr_line' id='line_1_6' title="bbox 355 962 1067 1045; baseline -0.007 -19"><span class='ocrx_word' id='word_1_36' title='bbox 355 966 534 1045; x_wconf 70' lang='lat' dir='ltr'><strong>Expectant</strong></span> <span class='ocrx_word' id='word_1_37' title='bbox 548 980 703 1040; x_wconf 88' lang='lat' dir='ltr'><strong>curaeque</strong></span> <span class='ocrx_word' id='word_1_38' title='bbox 718 963 913 1040; x_wconf 70' lang='lat' dir='ltr'>catenatique</span> <span class='ocrx_word' id='word_1_39' title='bbox 927 962 1067 1040; x_wconf 87' lang='lat' dir='ltr'><strong>labores,</strong></span> 
     </span>
     <span class='ocr_line' id='line_1_7' title="bbox 401 1045 1142 1124; baseline -0.007 -15"><span class='ocrx_word' id='word_1_40' title='bbox 401 1047 523 1109; x_wconf 84' lang='lat' dir='ltr'><strong>Gaudia</strong></span> <span class='ocrx_word' id='word_1_41' title='bbox 538 1066 601 1106; x_wconf 92' lang='lat' dir='ltr'><strong>non</strong></span> <span class='ocrx_word' id='word_1_42' title='bbox 616 1051 794 1123; x_wconf 82' lang='lat' dir='ltr'><strong>remanent,</strong></span> <span class='ocrx_word' id='word_1_43' title='bbox 818 1045 874 1104; x_wconf 88' lang='lat' dir='ltr'><strong>sed</strong></span> <span class='ocrx_word' id='word_1_44' title='bbox 889 1046 1016 1124; x_wconf 81' lang='lat' dir='ltr'><strong>lugitIva</strong></span> <span class='ocrx_word' id='word_1_45' title='bbox 1029 1045 1142 1106; x_wconf 86' lang='lat' dir='ltr'><strong>volant.</strong></span> 
     </span>
     <span class='ocr_line' id='line_1_8' title="bbox 355 1127 1152 1210; baseline -0.006 -17"><span class='ocrx_word' id='word_1_46' title='bbox 355 1135 444 1194; x_wconf 88' lang='lat' dir='ltr'><strong>Ilaec</strong></span> <span class='ocrx_word' id='word_1_47' title='bbox 458 1138 592 1210; x_wconf 85' lang='lat' dir='ltr'><strong>utraque</strong></span> <span class='ocrx_word' id='word_1_48' title='bbox 607 1149 698 1189; x_wconf 90' lang='lat' dir='ltr'><strong>manu</strong></span> <span class='ocrx_word' id='word_1_49' title='bbox 713 1127 935 1208; x_wconf 85' lang='lat' dir='ltr'><strong>complexuque</strong></span> <span class='ocrx_word' id='word_1_50' title='bbox 950 1149 1054 1189; x_wconf 77' lang='lat' dir='ltr'><strong>assere</strong></span> <span class='ocrx_word' id='word_1_51' title='bbox 1069 1137 1152 1190; x_wconf 88' lang='lat' dir='ltr'><strong>toto:</strong></span> 
     </span>
     <span class='ocr_line' id='line_1_9' title="bbox 317 1211 1075 1297; baseline -0.004 -19"><span class='ocrx_word' id='word_1_52' title='bbox 317 1229 348 1280; x_wconf 84' lang='grc'><strong>10</strong></span> <span class='ocrx_word' id='word_1_53' title='bbox 397 1217 500 1297; x_wconf 83' lang='lat' dir='ltr'><strong>Saepe</strong></span> <span class='ocrx_word' id='word_1_54' title='bbox 513 1217 615 1276; x_wconf 87' lang='lat' dir='ltr'><strong>fluent</strong></span> <span class='ocrx_word' id='word_1_55' title='bbox 625 1215 686 1273; x_wconf 89' lang='lat' dir='ltr'><strong>imo</strong></span> <span class='ocrx_word' id='word_1_56' title='bbox 702 1214 746 1285; x_wconf 81' lang='lat' dir='ltr'><strong>sic</strong></span> <span class='ocrx_word' id='word_1_57' title='bbox 762 1232 883 1292; x_wconf 87' lang='lat' dir='ltr'><strong>quoque</strong></span> <span class='ocrx_word' id='word_1_58' title='bbox 898 1211 984 1293; x_wconf 77' lang='lat' dir='ltr'><strong>lapsa</strong></span> <span class='ocrx_word' id='word_1_59' title='bbox 998 1217 1075 1275; x_wconf 85' lang='lat' dir='ltr'><strong>sinn.</strong></span> 
     </span>
     <span class='ocr_line' id='line_1_10' title="bbox 353 1297 1208 1377; baseline -0.005 -16"><span class='ocrx_word' id='word_1_60' title='bbox 353 1301 426 1362; x_wconf 92' lang='lat' dir='ltr'><strong>Non</strong></span> <span class='ocrx_word' id='word_1_61' title='bbox 444 1305 510 1377; x_wconf 89' lang='lat' dir='ltr'><strong>est,</strong></span> <span class='ocrx_word' id='word_1_62' title='bbox 534 1297 736 1374; x_wconf 81' lang='lat' dir='ltr'><strong>credemth,</strong></span> <span class='ocrx_word' id='word_1_63' title='bbox 758 1298 906 1376; x_wconf 85' lang='lat' dir='ltr'><strong>sapientis</strong></span> <span class='ocrx_word' id='word_1_64' title='bbox 922 1297 1029 1357; x_wconf 83' lang='lat' dir='ltr'><strong>dicere</strong></span> <span class='ocrx_word' id='word_1_65' title='bbox 1043 1298 1208 1374; x_wconf 83' lang='lat' dir='ltr'><strong>„Vivam:“</strong></span> 
     </span>
     <span class='ocr_line' id='line_1_11' title="bbox 399 1382 1089 1467; baseline 0.001 -24"><span class='ocrx_word' id='word_1_66' title='bbox 399 1385 479 1449; x_wconf 79' lang='lat' dir='ltr'><strong>Sera</strong></span> <span class='ocrx_word' id='word_1_67' title='bbox 492 1383 585 1442; x_wconf 77' lang='lat' dir='ltr'><strong>nlmis</strong></span> <span class='ocrx_word' id='word_1_68' title='bbox 598 1383 660 1467; x_wconf 85' lang='lat' dir='ltr'><strong>vita</strong></span> <span class='ocrx_word' id='word_1_69' title='bbox 674 1388 723 1441; x_wconf 89' lang='lat' dir='ltr'><strong>est</strong></span> <span class='ocrx_word' id='word_1_70' title='bbox 737 1382 885 1440; x_wconf 84' lang='lat' dir='ltr'><strong>crastina:</strong></span> <span class='ocrx_word' id='word_1_71' title='bbox 906 1383 972 1441; x_wconf 87' lang='lat' dir='ltr'><strong>vive</strong></span> <span class='ocrx_word' id='word_1_72' title='bbox 985 1382 1089 1445; x_wconf 88' lang='lat' dir='ltr'><strong>hodie.</strong></span> 
     </span>
    </p>
   </div>
   <div class='ocr_carea' id='block_1_3' title="bbox 755 1514 836 1578">
    <p class='ocr_par' dir='ltr' id='par_1_3' title="bbox 755 1514 836 1578">
     <span class='ocr_line' id='line_1_12' title="bbox 755 1514 836 1578; baseline 0.049 -4"><span class='ocrx_word' id='word_1_73' title='bbox 755 1514 836 1578; x_wconf 91' lang='lat' dir='ltr'>XVI.</span> 
     </span>
    </p>
   </div>
   <div class='ocr_carea' id='block_1_4' title="bbox 356 1627 1294 1791">
    <p class='ocr_par' dir='ltr' id='par_1_4' title="bbox 356 1627 1294 1791">
     <span class='ocr_line' id='line_1_13' title="bbox 356 1627 1294 1712; baseline 0.002 -22"><span class='ocrx_word' id='word_1_74' title='bbox 356 1630 437 1690; x_wconf 88' lang='lat' dir='ltr'><strong>Sunt</strong></span> <span class='ocrx_word' id='word_1_75' title='bbox 450 1630 555 1706; x_wconf 68' lang='lat' dir='ltr'><strong>bona,</strong></span> <span class='ocrx_word' id='word_1_76' title='bbox 572 1635 644 1690; x_wconf 86' lang='lat' dir='ltr'><strong>sunt</strong></span> <span class='ocrx_word' id='word_1_77' title='bbox 658 1629 806 1709; x_wconf 80' lang='lat' dir='ltr'><strong>quaedam</strong></span> <span class='ocrx_word' id='word_1_78' title='bbox 822 1627 1005 1705; x_wconf 83' lang='lat' dir='ltr'><strong>mediocria,</strong></span> <span class='ocrx_word' id='word_1_79' title='bbox 1028 1637 1099 1690; x_wconf 90' lang='lat' dir='ltr'><strong>sont</strong></span> <span class='ocrx_word' id='word_1_80' title='bbox 1113 1630 1193 1692; x_wconf 88' lang='lat' dir='ltr'><strong>mala</strong></span> <span class='ocrx_word' id='word_1_81' title='bbox 1203 1631 1294 1712; x_wconf 87' lang='lat' dir='ltr'><strong>plora</strong></span> 
     </span>
     <span class='ocr_line' id='line_1_14' title="bbox 399 1711 1156 1791; baseline 0.005 -19"><span class='ocrx_word' id='word_1_82' title='bbox 399 1714 485 1789; x_wconf 81' lang='lat' dir='ltr'><strong>Quae</strong></span> <span class='ocrx_word' id='word_1_83' title='bbox 500 1711 581 1791; x_wconf 85' lang='lat' dir='ltr'><strong>legis</strong></span> <span class='ocrx_word' id='word_1_84' title='bbox 595 1712 661 1772; x_wconf 88' lang='lat' dir='ltr'><strong>hic:</strong></span> <span class='ocrx_word' id='word_1_85' title='bbox 684 1713 774 1773; x_wconf 87' lang='lat' dir='ltr'><strong>aliter</strong></span> <span class='ocrx_word' id='word_1_86' title='bbox 788 1732 850 1772; x_wconf 93' lang='lat' dir='ltr'><strong>non</strong></span> <span class='ocrx_word' id='word_1_87' title='bbox 865 1714 917 1791; x_wconf 88' lang='lat' dir='ltr'><strong>fit,</strong></span> <span class='ocrx_word' id='word_1_88' title='bbox 938 1712 1045 1790; x_wconf 85' lang='lat' dir='ltr'><strong>Avito,</strong></span> <span class='ocrx_word' id='word_1_89' title='bbox 1065 1714 1156 1777; x_wconf 90' lang='lat' dir='ltr'><strong>liber.</strong></span> 
     </span>
    </p>
   </div>
   <div class='ocr_carea' id='block_1_5' title="bbox 744 1846 839 1909">
    <p class='ocr_par' dir='ltr' id='par_1_5' title="bbox 744 1846 839 1909">
     <span class='ocr_line' id='line_1_15' title="bbox 744 1846 839 1909; baseline 0 -1"><span class='ocrx_word' id='word_1_90' title='bbox 744 1846 839 1909; x_wconf 91' lang='lat' dir='ltr'>XVII.</span> 
     </span>
    </p>
   </div>
   <div class='ocr_carea' id='block_1_6' title="bbox 353 1958 1086 2207">
    <p class='ocr_par' dir='ltr' id='par_1_6' title="bbox 353 1958 1086 2207">
     <span class='ocr_line' id='line_1_16' title="bbox 355 1958 885 2038; baseline -0.004 -18"><span class='ocrx_word' id='word_1_91' title='bbox 355 1961 449 2038; x_wconf 80' lang='lat' dir='ltr'><strong>Cogit</strong></span> <span class='ocrx_word' id='word_1_92' title='bbox 464 1977 513 2018; x_wconf 93' lang='lat' dir='ltr'><strong>me</strong></span> <span class='ocrx_word' id='word_1_93' title='bbox 530 1958 620 2018; x_wconf 85' lang='lat' dir='ltr'><strong>Titus</strong></span> <span class='ocrx_word' id='word_1_94' title='bbox 636 1959 765 2020; x_wconf 90' lang='lat' dir='ltr'><strong>actitare</strong></span> <span class='ocrx_word' id='word_1_95' title='bbox 781 1979 885 2018; x_wconf 85' lang='lat' dir='ltr'><strong>causas</strong></span> 
     </span>
     <span class='ocr_line' id='line_1_17' title="bbox 353 2043 1003 2123; baseline -0.005 -18"><span class='ocrx_word' id='word_1_96' title='bbox 353 2045 396 2105; x_wconf 82' lang='lat' dir='ltr'><strong>Et</strong></span> <span class='ocrx_word' id='word_1_97' title='bbox 411 2043 490 2103; x_wconf 87' lang='lat' dir='ltr'><strong>dicit</strong></span> <span class='ocrx_word' id='word_1_98' title='bbox 505 2043 581 2102; x_wconf 91' lang='lat' dir='ltr'><strong>mihi</strong></span> <span class='ocrx_word' id='word_1_99' title='bbox 598 2061 691 2123; x_wconf 82' lang='lat' dir='ltr'><strong>saepe</strong></span> <span class='ocrx_word' id='word_1_100' title='bbox 706 2045 907 2121; x_wconf 74' lang='lat' dir='ltr'><strong>„Magnetes</strong></span> <span class='ocrx_word' id='word_1_101' title='bbox 922 2043 1003 2103; x_wconf 79' lang='lat' dir='ltr'><strong>est.“</strong></span> 
     </span>
     <span class='ocr_line' id='line_1_18' title="bbox 353 2125 1086 2207; baseline 0.001 -19"><span class='ocrx_word' id='word_1_102' title='bbox 353 2129 418 2188; x_wconf 82' lang='lat' dir='ltr'><strong>Res</strong></span> <span class='ocrx_word' id='word_1_103' title='bbox 434 2145 546 2205; x_wconf 84' lang='lat' dir='ltr'><strong>magna</strong></span> <span class='ocrx_word' id='word_1_104' title='bbox 560 2132 626 2205; x_wconf 88' lang='lat' dir='ltr'><strong>est,</strong></span> <span class='ocrx_word' id='word_1_105' title='bbox 644 2129 733 2206; x_wconf 80' lang='lat' dir='ltr'><strong>Tite,</strong></span> <span class='ocrx_word' id='word_1_106' title='bbox 756 2127 935 2207; x_wconf 75' lang='lat' dir='ltr'><strong>quemfecit</strong></span> <span class='ocrx_word' id='word_1_107' title='bbox 950 2125 1086 2190; x_wconf 80' lang='lat' dir='ltr'><strong>colonus,</strong></span> 
     </span>
    </p>
   </div>
   <div class='ocr_carea' id='block_1_7' title="bbox 744 2239 849 2302">
    <p class='ocr_par' dir='ltr' id='par_1_7' title="bbox 744 2239 849 2302">
     <span class='ocr_line' id='line_1_19' title="bbox 744 2239 849 2302; baseline 0.01 -3"><span class='ocrx_word' id='word_1_108' title='bbox 744 2239 849 2302; x_wconf 88' lang='lat' dir='ltr'>XVIII.</span> 
     </span>
    </p>
   </div>
   <div class='ocr_carea' id='block_1_8' title="bbox 337 2337 1219 3008">
    <p class='ocr_par' dir='ltr' id='par_1_8' title="bbox 337 2337 1219 3008">
     <span class='ocr_line' id='line_1_20' title="bbox 359 2337 1162 2418; baseline 0 -20"><span class='ocrx_word' id='word_1_109' title='bbox 359 2337 446 2418; x_wconf 80' lang='lat' dir='ltr'><strong>Quid</strong></span> <span class='ocrx_word' id='word_1_110' title='bbox 461 2343 511 2415; x_wconf 91' lang='lat' dir='ltr'><strong>te,</strong></span> <span class='ocrx_word' id='word_1_111' title='bbox 534 2337 653 2415; x_wconf 87' lang='lat' dir='ltr'><strong>Tucca,</strong></span> <span class='ocrx_word' id='word_1_112' title='bbox 674 2339 756 2398; x_wconf 89' lang='lat' dir='ltr'><strong>iuvat</strong></span> <span class='ocrx_word' id='word_1_113' title='bbox 769 2339 872 2399; x_wconf 87' lang='lat' dir='ltr'><strong>vetulo</strong></span> <span class='ocrx_word' id='word_1_114' title='bbox 886 2341 1017 2399; x_wconf 86' lang='lat' dir='ltr'><strong>miscere</strong></span> <span class='ocrx_word' id='word_1_115' title='bbox 1028 2337 1162 2398; x_wconf 87' lang='lat' dir='ltr'><strong>Falerno</strong></span> 
     </span>
     <span class='ocr_line' id='line_1_21' title="bbox 398 2421 984 2496; baseline -0.002 -14"><span class='ocrx_word' id='word_1_116' title='bbox 398 2423 433 2482; x_wconf 93' lang='lat' dir='ltr'><strong>ln</strong></span> <span class='ocrx_word' id='word_1_117' title='bbox 451 2421 611 2484; x_wconf 83' lang='lat' dir='ltr'><strong>Vaticanis</strong></span> <span class='ocrx_word' id='word_1_118' title='bbox 626 2421 748 2493; x_wconf 81' lang='lat' dir='ltr'><strong>condita</strong></span> <span class='ocrx_word' id='word_1_119' title='bbox 762 2430 861 2496; x_wconf 86' lang='lat' dir='ltr'><strong>musta</strong></span> <span class='ocrx_word' id='word_1_120' title='bbox 876 2423 959 2483; x_wconf 89' lang='lat' dir='ltr'><strong>cadis</strong></span> <span class='ocrx_word' id='word_1_121' title='bbox 969 2425 984 2481; x_wconf 69' lang='grc' dir='ltr'><strong>’ἐ</strong></span> 
     </span>
     <span class='ocr_line' id='line_1_22' title="bbox 357 2505 1109 2587; baseline 0 -21"><span class='ocrx_word' id='word_1_122' title='bbox 357 2506 442 2585; x_wconf 79' lang='lat' dir='ltr'><strong>Quid</strong></span> <span class='ocrx_word' id='word_1_123' title='bbox 456 2511 574 2565; x_wconf 87' lang='lat' dir='ltr'><strong>tantum</strong></span> <span class='ocrx_word' id='word_1_124' title='bbox 589 2505 696 2564; x_wconf 88' lang='lat' dir='ltr'><strong>fecere</strong></span> <span class='ocrx_word' id='word_1_125' title='bbox 711 2507 782 2566; x_wconf 91' lang='lat' dir='ltr'><strong>boni</strong></span> <span class='ocrx_word' id='word_1_126' title='bbox 798 2507 856 2566; x_wconf 90' lang='lat' dir='ltr'><strong>tibi</strong></span> <span class='ocrx_word' id='word_1_127' title='bbox 871 2508 1004 2587; x_wconf 87' lang='lat' dir='ltr'><strong>pessima</strong></span> <span class='ocrx_word' id='word_1_128' title='bbox 1018 2509 1109 2567; x_wconf 77' lang='lat' dir='ltr'><strong>vina?</strong></span> 
     </span>
     <span class='ocr_line' id='line_1_23' title="bbox 399 2587 1034 2670; baseline 0 -21"><span class='ocrx_word' id='word_1_129' title='bbox 399 2593 465 2650; x_wconf 80' lang='lat' dir='ltr'><strong>Aut</strong></span> <span class='ocrx_word' id='word_1_130' title='bbox 481 2587 557 2668; x_wconf 87' lang='lat' dir='ltr'><strong>qnid</strong></span> <span class='ocrx_word' id='word_1_131' title='bbox 570 2589 713 2649; x_wconf 84' lang='lat' dir='ltr'><strong>fecerant</strong></span> <span class='ocrx_word' id='word_1_132' title='bbox 729 2592 843 2670; x_wconf 92' lang='lat' dir='ltr'><strong>optima</strong></span> <span class='ocrx_word' id='word_1_133' title='bbox 856 2592 925 2651; x_wconf 83' lang='lat' dir='ltr'><strong>vina</strong></span> <span class='ocrx_word' id='word_1_134' title='bbox 939 2589 1034 2651; x_wconf 75' lang='lat' dir='ltr'><strong>mali?</strong></span> 
     </span>
     <span class='ocr_line' id='line_1_24' title="bbox 337 2672 1219 2754; baseline 0.001 -19"><span class='ocrx_word' id='word_1_135' title='bbox 337 2676 405 2735; x_wconf 74' lang='lat' dir='ltr'><strong>olle</strong></span> <span class='ocrx_word' id='word_1_136' title='bbox 420 2675 513 2733; x_wconf 89' lang='lat' dir='ltr'><strong>nobis</strong></span> <span class='ocrx_word' id='word_1_137' title='bbox 528 2672 621 2732; x_wconf 84' lang='lat' dir='ltr'><strong>facile</strong></span> <span class='ocrx_word' id='word_1_138' title='bbox 636 2678 701 2754; x_wconf 88' lang='lat' dir='ltr'><strong>est,</strong></span> <span class='ocrx_word' id='word_1_139' title='bbox 723 2674 823 2734; x_wconf 86' lang='lat' dir='ltr'><strong>scelos</strong></span> <span class='ocrx_word' id='word_1_140' title='bbox 839 2681 888 2735; x_wconf 88' lang='lat' dir='ltr'><strong>est</strong></span> <span class='ocrx_word' id='word_1_141' title='bbox 900 2674 1039 2754; x_wconf 81' lang='lat' dir='ltr'><strong>iugulare</strong></span> <span class='ocrx_word' id='word_1_142' title='bbox 1053 2675 1219 2736; x_wconf 84' lang='lat' dir='ltr'><strong>Falernum</strong></span> 
     </span>
     <span class='ocr_line' id='line_1_25' title="bbox 399 2757 1024 2837; baseline 0.002 -18"><span class='ocrx_word' id='word_1_143' title='bbox 399 2759 443 2819; x_wconf 84' lang='lat' dir='ltr'><strong>Et</strong></span> <span class='ocrx_word' id='word_1_144' title='bbox 460 2757 535 2818; x_wconf 84' lang='lat' dir='ltr'><strong>(lare</strong></span> <span class='ocrx_word' id='word_1_145' title='bbox 551 2759 704 2837; x_wconf 83' lang='lat' dir='ltr'><strong>Campano</strong></span> <span class='ocrx_word' id='word_1_146' title='bbox 722 2761 821 2818; x_wconf 87' lang='lat' dir='ltr'><strong>toxica</strong></span> <span class='ocrx_word' id='word_1_147' title='bbox 837 2778 925 2819; x_wconf 85' lang='lat' dir='ltr'><strong>saeva</strong></span> <span class='ocrx_word' id='word_1_148' title='bbox 939 2760 1024 2821; x_wconf 89' lang='lat' dir='ltr'><strong>cado.</strong></span> 
     </span>
     <span class='ocr_line' id='line_1_26' title="bbox 358 2842 1013 2923; baseline -0.002 -19"><span class='ocrx_word' id='word_1_149' title='bbox 358 2842 514 2904; x_wconf 77' lang='lat' dir='ltr'><strong>Convivae</strong></span> <span class='ocrx_word' id='word_1_150' title='bbox 528 2861 671 2901; x_wconf 88' lang='lat' dir='ltr'><strong>mernere</strong></span> <span class='ocrx_word' id='word_1_151' title='bbox 687 2843 732 2901; x_wconf 91' lang='lat' dir='ltr'><strong>tui</strong></span> <span class='ocrx_word' id='word_1_152' title='bbox 746 2842 878 2903; x_wconf 87' lang='lat' dir='ltr'><strong>fortasse</strong></span> <span class='ocrx_word' id='word_1_153' title='bbox 892 2845 1013 2923; x_wconf 88' lang='lat' dir='ltr'><strong>perire:</strong></span> 
     </span>
     <span class='ocr_line' id='line_1_27' title="bbox 401 2926 1101 3008; baseline 0.003 -22"><span class='ocrx_word' id='word_1_154' title='bbox 401 2926 562 3006; x_wconf 84' lang='lat' dir='ltr'><strong>Amphora</strong></span> <span class='ocrx_word' id='word_1_155' title='bbox 578 2945 640 2986; x_wconf 92' lang='lat' dir='ltr'><strong>non</strong></span> <span class='ocrx_word' id='word_1_156' title='bbox 655 2929 768 2986; x_wconf 90' lang='lat' dir='ltr'><strong>meruit</strong></span> <span class='ocrx_word' id='word_1_157' title='bbox 781 2933 844 2986; x_wconf 89' lang='lat' dir='ltr'><strong>tam</strong></span> <span class='ocrx_word' id='word_1_158' title='bbox 860 2928 997 3008; x_wconf 86' lang='lat' dir='ltr'><strong>pretiosa</strong></span> <span class='ocrx_word' id='word_1_159' title='bbox 1014 2931 1101 3005; x_wconf 77' lang='lat' dir='ltr'><strong>mori.</strong></span> 
     </span>
    </p>
   </div>
   <div class='ocr_carea' id='block_1_9' title="bbox 759 3061 840 3125">
    <p class='ocr_par' dir='ltr' id='par_1_9' title="bbox 759 3061 840 3125">
     <span class='ocr_line' id='line_1_28' title="bbox 759 3061 840 3125; baseline 0.062 -6"><span class='ocrx_word' id='word_1_160' title='bbox 759 3061 840 3125; x_wconf 90' lang='lat' dir='ltr'>XIX.</span> 
     </span>
    </p>
   </div>
   <div class='ocr_carea' id='block_1_10' title="bbox 363 3172 1225 3504">
    <p class='ocr_par' dir='ltr' id='par_1_10' title="bbox 363 3172 1225 3337">
     <span class='ocr_line' id='line_1_29' title="bbox 363 3172 1225 3253; baseline -0.002 -19"><span class='ocrx_word' id='word_1_161' title='bbox 363 3173 396 3234; x_wconf 91' lang='lat' dir='ltr'><strong>Si</strong></span> <span class='ocrx_word' id='word_1_162' title='bbox 410 3174 557 3251; x_wconf 88' lang='lat' dir='ltr'><strong>memini,</strong></span> <span class='ocrx_word' id='word_1_163' title='bbox 578 3172 704 3233; x_wconf 83' lang='lat' dir='ltr'><strong>fuerant</strong></span> <span class='ocrx_word' id='word_1_164' title='bbox 717 3174 774 3234; x_wconf 91' lang='lat' dir='ltr'><strong>tibi</strong></span> <span class='ocrx_word' id='word_1_165' title='bbox 791 3179 952 3253; x_wconf 88' lang='lat' dir='ltr'><strong>quattuor,</strong></span> <span class='ocrx_word' id='word_1_166' title='bbox 973 3173 1078 3251; x_wconf 87' lang='lat' dir='ltr'><strong>Aelia,</strong></span> <span class='ocrx_word' id='word_1_167' title='bbox 1101 3173 1225 3233; x_wconf 89' lang='lat' dir='ltr'><strong>dentes:</strong></span> 
     </span>
     <span class='ocr_line' id='line_1_30' title="bbox 402 3255 1025 3337; baseline 0 -19"><span class='ocrx_word' id='word_1_168' title='bbox 402 3257 531 3337; x_wconf 75' lang='lat' dir='ltr'><strong>Expulit</strong></span> <span class='ocrx_word' id='word_1_169' title='bbox 545 3277 605 3316; x_wconf 89' lang='lat' dir='ltr'><strong>una</strong></span> <span class='ocrx_word' id='word_1_170' title='bbox 620 3255 696 3317; x_wconf 87' lang='lat' dir='ltr'><strong>dnos</strong></span> <span class='ocrx_word' id='word_1_171' title='bbox 710 3259 803 3318; x_wconf 86' lang='lat' dir='ltr'><strong>tussis</strong></span> <span class='ocrx_word' id='word_1_172' title='bbox 819 3264 852 3318; x_wconf 93' lang='lat' dir='ltr'><strong>et</strong></span> <span class='ocrx_word' id='word_1_173' title='bbox 865 3278 925 3317; x_wconf 90' lang='lat' dir='ltr'><strong>una</strong></span> <span class='ocrx_word' id='word_1_174' title='bbox 940 3257 1025 3318; x_wconf 87' lang='lat' dir='ltr'><strong>duos.</strong></span> 
     </span>
    </p>

    <p class='ocr_par' dir='ltr' id='par_1_11' title="bbox 364 3341 1053 3504">
     <span class='ocr_line' id='line_1_31' title="bbox 364 3341 1007 3421; baseline -0.002 -21"><span class='ocrx_word' id='word_1_175' title='bbox 364 3342 423 3412; x_wconf 86' lang='lat' dir='ltr'><strong>Iam</strong></span> <span class='ocrx_word' id='word_1_176' title='bbox 439 3347 651 3421; x_wconf 85' lang='lat' dir='ltr'><strong>securapotes</strong></span> <span class='ocrx_word' id='word_1_177' title='bbox 665 3343 738 3401; x_wconf 93' lang='lat' dir='ltr'><strong>totis</strong></span> <span class='ocrx_word' id='word_1_178' title='bbox 754 3343 872 3402; x_wconf 53' lang='lat' dir='ltr'><strong>tussire*</strong></span> <span class='ocrx_word' id='word_1_179' title='bbox 883 3341 1007 3401; x_wconf 89' lang='lat' dir='ltr'><strong>diebus:</strong></span> 
     </span>
     <span class='ocr_line' id='line_1_32' title="bbox 403 3423 1053 3504; baseline -0.002 -19"><span class='ocrx_word' id='word_1_180' title='bbox 403 3423 457 3486; x_wconf 92' lang='lat' dir='ltr'><strong>Nil</strong></span> <span class='ocrx_word' id='word_1_181' title='bbox 469 3427 542 3485; x_wconf 90' lang='lat' dir='ltr'><strong>istic</strong></span> <span class='ocrx_word' id='word_1_182' title='bbox 557 3424 640 3503; x_wconf 86' lang='lat' dir='ltr'><strong>quod</strong></span> <span class='ocrx_word' id='word_1_183' title='bbox 654 3433 724 3504; x_wconf 81' lang='lat' dir='ltr'><strong>agat</strong></span> <span class='ocrx_word' id='word_1_184' title='bbox 736 3429 830 3486; x_wconf 87' lang='lat' dir='ltr'><strong>tertio</strong></span> <span class='ocrx_word' id='word_1_185' title='bbox 843 3428 936 3487; x_wconf 80' lang='lat' dir='ltr'><strong>tussia</strong></span> <span class='ocrx_word' id='word_1_186' title='bbox 952 3427 1053 3485; x_wconf 86' lang='lat' dir='ltr'><strong>habet.</strong></span> 
     </span>
    </p>
   </div>
   <div class='ocr_carea' id='block_1_11' title="bbox 761 3539 828 3601">
    <p class='ocr_par' dir='ltr' id='par_1_12' title="bbox 761 3539 828 3601">
     <span class='ocr_line' id='line_1_33' title="bbox 761 3539 828 3601; baseline 0.03 -2"><span class='ocrx_word' id='word_1_187' title='bbox 761 3539 828 3601; x_wconf 93' lang='lat' dir='ltr'><strong>XX.</strong></span> 
     </span>
    </p>
   </div>
   <div class='ocr_carea' id='block_1_12' title="bbox 368 3636 1206 3800">
    <p class='ocr_par' dir='ltr' id='par_1_13' title="bbox 368 3636 1206 3800">
     <span class='ocr_line' id='line_1_34' title="bbox 368 3636 1206 3719; baseline 0.001 -24"><span class='ocrx_word' id='word_1_188' title='bbox 368 3636 420 3696; x_wconf 83' lang='lat' dir='ltr'><strong>oie</strong></span> <span class='ocrx_word' id='word_1_189' title='bbox 434 3638 525 3716; x_wconf 87' lang='lat' dir='ltr'><strong>mihi,</strong></span> <span class='ocrx_word' id='word_1_190' title='bbox 547 3638 617 3716; x_wconf 89' lang='lat' dir='ltr'><strong>quis</strong></span> <span class='ocrx_word' id='word_1_191' title='bbox 631 3637 718 3697; x_wconf 82' lang='lat' dir='ltr'><strong>furor</strong></span> <span class='ocrx_word' id='word_1_192' title='bbox 732 3639 803 3698; x_wconf 77' lang='lat' dir='ltr'><strong>eat‘.l</strong></span> <span class='ocrx_word' id='word_1_193' title='bbox 824 3641 914 3699; x_wconf 86' lang='lat' dir='ltr'><strong>turba</strong></span> <span class='ocrx_word' id='word_1_194' title='bbox 928 3638 1088 3719; x_wconf 82' lang='lat' dir='ltr'><strong>spectante</strong></span> <span class='ocrx_word' id='word_1_195' title='bbox 1101 3644 1206 3699; x_wconf 79' lang='lat' dir='ltr'><strong>vocata</strong></span> 
     </span>
     <span class='ocr_line' id='line_1_35' title="bbox 408 3720 1079 3800; baseline 0.003 -20"><span class='ocrx_word' id='word_1_196' title='bbox 408 3720 497 3782; x_wconf 82' lang='lat' dir='ltr'><strong>Solus</strong></span> <span class='ocrx_word' id='word_1_197' title='bbox 512 3721 654 3800; x_wconf 83' lang='lat' dir='ltr'><strong>boletos,</strong></span> <span class='ocrx_word' id='word_1_198' title='bbox 677 3721 868 3800; x_wconf 80' lang='lat' dir='ltr'><strong>caeciliane,</strong></span> <span class='ocrx_word' id='word_1_199' title='bbox 890 3742 987 3784; x_wconf 82' lang='lat' dir='ltr'><strong>voras.</strong></span> <span class='ocrx_word' id='word_1_200' title='bbox 1067 3725 1079 3744; x_wconf 82' lang='grc'><strong>”</strong></span> 
     </span>
    </p>
   </div>
   <div class='ocr_carea' id='block_1_13' title="bbox 0 0 1638 4409">
    <p class='ocr_par' dir='ltr' id='par_1_14' title="bbox 0 0 1638 4409">
     <span class='ocr_line' id='line_1_36' title="bbox 0 0 1638 4409; baseline 0 8"><span class='ocrx_word' id='word_1_201' title='bbox 0 0 1638 4409; x_wconf 95' lang='lat' dir='ltr'><strong> </strong></span> 
     </span>
    </p>
   </div>
  </div>
 </body>
</html>
