3267 4409
241 625 249 636 ἱ
326 536 367 601 eo
550 514 555 522 “
647 537 691 598 Μ.
707 536 798 602 vnn
813 490 1040 598 narinus

755 738 934 804 LXXXVII.

409 843 521 902 Narrat
535 849 585 919 te,
608 840 745 917 Chione,
765 859 888 918 rumor,
908 858 1061 918 nunquam
1075 855 1146 898 esse
1159 836 1290 899 fututam

450 927 553 1004 Atque
567 923 644 984 nihil
659 943 758 983 cunno
774 924 881 1002 purius
898 942 967 984 esse
980 933 1044 984 tuo.

388 1008 396 1013 ”
409 1009 508 1070 Tecta
524 1015 627 1069 tamen
642 1027 704 1067 non
717 1007 791 1084 hac,
816 1028 875 1086 qua
890 1006 1008 1086 debes,
1027 1011 1116 1087 purte
1130 1003 1256 1066 lavaris:

451 1095 484 1154 Si
498 1093 598 1176 pudor
614 1098 678 1171 est,
698 1091 835 1151 transfer
850 1091 986 1172 subligar
1000 1094 1032 1152 in
1046 1090 1167 1151 faciem.

749 1216 939 1280 LXXXVIII.

409 1330 487 1390 Sunt
502 1331 614 1407 gemini
631 1329 760 1407 iratres,
783 1328 903 1389 diversa
918 1327 974 1389 sed
989 1330 1114 1408 inguina
1127 1328 1258 1409 lingunt.

450 1416 568 1493 Dicite,
591 1412 754 1505 dissirniles
770 1421 842 1474 sunt
856 1415 967 1492 magis,
989 1435 1026 1473 an
1041 1411 1180 1474 similos?

759 1539 923 1601 LXXXIX.

407 1641 505 1701 Utere
519 1638 648 1700 lactucis
664 1645 696 1700 et
710 1638 854 1700 mollibus
869 1644 959 1698 utere
973 1638 1093 1699 malvis:

448 1725 524 1784 Nam
539 1724 650 1785 faciem
667 1723 791 1802 durum,
813 1724 957 1801 Phoebe,
982 1727 1115 1784 cacantis
1128 1725 1234 1785 habes.

809 1848 875 1910 XC.
958 1898 961 1903 .

406 1960 499 2041 volt,
520 1982 582 2022 non
595 1960 661 2028 uolt
677 1959 752 2022 dare
767 1959 858 2022 Gallu
871 1961 963 2040 mihi,
984 1939 1043 2021 nce
1058 1937 1165 2024 dicere
1178 1984 1315 2047 possum,

448 2046 538 2124 Quod
551 2045 617 2108 volt
632 2053 665 2107 et
679 2065 742 2107 non
755 2044 836 2124 volt,
857 2044 931 2124 quid
946 2047 1004 2106 sibi
1020 2046 1108 2108 Galla
1122 2048 1208 2112 velit.

802 2160 881 2222 XCI.

408 2260 485 2319 Cum
496 2267 621 2340 peteret
634 2262 753 2340 patriae
770 2260 922 2319 missicius
937 2278 1006 2318 arva
1020 2259 1201 2341 Ravennae,

449 2343 599 2404 Semiriro
614 2344 748 2424 Cybeles
763 2365 829 2404 curn
845 2361 938 2421 grege
957 2344 1053 2401 iunxit
1068 2345 1139 2405 iter.

405 2426 487 2486 Huic
501 2447 603 2488 comes
619 2429 767 2489 haerebat
782 2427 897 2505 domini
910 2428 1054 2504 fugitivus
1069 2426 1209 2491 Achillas

449 2511 579 2588 Insignis
591 2511 691 2571 forma
704 2513 904 2590 nequitiaque
915 2530 1003 2591 puer.
1092 2574 1095 2579 ,

385 2594 477 2653 siloc
493 2594 617 2654 steriles
632 2613 760 2655 sensere
776 2596 851 2655 viui:
875 2616 933 2674 qua
948 2601 1037 2674 parte
1053 2597 1183 2657 cubaret

448 2678 623 2757 Quaerunt,
643 2678 700 2739 sed
712 2680 823 2739 tacitos
840 2680 937 2739 sensit
952 2685 985 2739 et
1001 2676 1057 2739 ille
1068 2677 1171 2747 ,dolos

405 2762 577 2841 Mentitur,
600 2762 746 2823 credunt:
769 2766 868 2823 somni
882 2769 953 2843 post
968 2765 1037 2823 vina
1051 2770 1218 2844 petuntur:

448 2846 601 2906 Continuo
618 2849 736 2908 ferrum
749 2850 838 2906 noxia
855 2850 946 2908 turba
961 2849 1043 2928 rapit

404 2928 619 3010 Exciduntque
633 2951 755 3009 senem,
777 2930 913 3012 spondae
928 2951 996 2991 cum
1010 2938 1099 3012 parte
1115 2934 1253 3012 iaceret;

364 3024 397 3075 10
445 3015 583 3094 Namque
597 3035 676 3096 puer
688 3017 795 3097 pluteo
809 3016 931 3077 vindice
946 3023 1030 3076 tutus
1046 3022 1121 3077 erat.

405 3099 600 3180 Suppositam
615 3100 768 3181 quondam
781 3101 861 3161 furna
877 3107 926 3161 est
938 3121 996 3181 pro
1010 3103 1129 3178 virgine
1143 3121 1280 3185 cervam,

445 3187 488 3246 At
501 3205 581 3246 nnnc
596 3206 653 3268 pro
669 3205 760 3248 cervo
775 3186 911 3247 mentula
928 3187 1085 3266 supposita
1101 3194 1158 3246 est.

792 3314 883 3375 xcn.

404 3411 447 3471 Ut
461 3413 561 3490 patiar
574 3415 750 3490 moechum,
769 3417 859 3490 rogat
872 3431 964 3490 uxor,
987 3409 1095 3489 Galle,
1117 3410 1288 3476 sedunum.

444 3495 526 3555 Huic
539 3513 597 3574 ego
611 3517 673 3556 non
689 3494 794 3557 oculos
808 3515 902 3575 eruo,
925 3494 1031 3575 Galle,
1054 3494 1155 3556 duos?

783 3608 888 3670 XCIII.

405 3701 482 3761 Cum
496 3704 554 3763 tibi
569 3707 703 3766 trecenti
718 3706 879 3787 consules,
900 3707 1088 3789 Vetustilla‚
1165 3677 1170 3683 .

403 3785 444 3846 Et
457 3793 524 3848 tres
539 3788 642 3868 capilli
658 3798 864 3873 quattuorque
879 3795 942 3854 sint
959 3793 1085 3875 dentes,
1151 3836 1155 3843 -
