3267 4409
561 443 901 524 uricnmmmnou
916 464 990 526 ma.
1004 467 1042 530 v.
1262 465 1323 530 ιιι

408 614 575 677 Praeferat
589 615 730 694 antiqno·
745 612 869 695 semper
882 622 917 676 ut
930 615 984 677 illa
998 619 1095 690 nouis.

343 694 426 760 5Sic
438 705 577 758 veterem
592 700 705 776 ingrati
719 698 849 780 Pompei
863 703 1037 777 quaerimus
1050 704 1187 763 umbram
1194 728 1210 780 ,a

408 782 461 841 Sic
475 779 605 841 laudant
619 781 720 842 catuli
734 781 807 842 vilia
821 785 936 863 templa
948 803 1047 845 senes.

364 865 486 926 Ennius
502 872 552 925 est
565 864 666 925 lectus
681 865 764 926 salvo
779 869 852 944 tibi,
875 869 987 946 Roma,
1008 867 1139 930 Marone

406 951 450 1010 Et
464 969 518 1009 sua
531 951 669 1009 riserunt
683 948 805 1010 saecula
819 952 1042 1011 Maeoniden:e

364 1033 447 1093 Rara
462 1040 610 1094 coronato
624 1033 768 1112 plausere
785 1035 907 1095 theatra
920 1034 1111 1112 Menandro,

323 1128 357 1179 10
405 1117 504 1177 Norat
519 1118 671 1177 Nasonem
686 1117 752 1177 sola
767 1119 903 1181 Corinna
917 1140 1013 1181 suum.

364 1201 432 1263 Vos
447 1205 567 1278 tamen,
590 1221 607 1261 o
623 1204 722 1261 nostri
737 1220 776 1261 ne
791 1203 938 1264 festinate
952 1199 1070 1264 libelli:

411 1284 447 1344 Si
461 1290 535 1367 post
548 1285 612 1345 fata
626 1287 712 1346 venit
726 1286 841 1366 gloria,
862 1297 925 1347 non
940 1305 1085 1370 propero.

775 1447 827 1509 XI.

368 1557 602 1637 Sardonychas,
623 1558 817 1639 zmaragdos,
841 1558 1030 1639 adamantes,
1052 1558 1185 1641 iaspidas
1199 1579 1259 1620 uno

407 1643 523 1706 Versat
537 1643 570 1700 in
585 1642 715 1703 articulo
734 1643 847 1720 Stella,
871 1643 1003 1722 Severe,
1023 1663 1118 1705 mens.

365 1725 483 1786 Multas
498 1727 532 1784 in
547 1724 667 1804 digitis,
689 1724 796 1806 plures
812 1729 846 1787 in
860 1729 994 1788 carmine
1010 1747 1142 1806 gemmas

406 1811 565 1871 Invenies:
585 1808 658 1870 iude
673 1817 722 1870 est
734 1812 828 1890 haec,
849 1818 942 1893 puto,
964 1810 1046 1873 culta
1060 1832 1174 1874 manus.

770 1972 836 2038 ΧΗ.

369 2087 457 2165 Quod
469 2086 611 2148 nutantia
623 2085 728 2161 fronte
742 2086 895 2165 perticata

368 2173 477 2233 Gestat
489 2168 630 2252 pondera
643 2169 812 2229 Masthlion
827 2171 994 2249 superbus,
1115 2223 1119 2227 .

369 2257 429 2316 Aut
442 2254 569 2335 grandis
583 2254 836 2313 Ninns'omnibns
850 2252 978 2313 lacertis

370 2340 495 2420 Septem
510 2337 594 2418 quod
608 2355 722 2415 pueros
736 2335 819 2396 levat
833 2335 883 2397 vel
898 2343 984 2416 octo,

353 2424 430 2483 tRes
445 2443 508 2483 non
521 2420 660 2480 difficilis
674 2421 749 2479 mihi
763 2420 903 2497 videtur,

370 2507 435 2568 Uno
451 2527 520 2568 cum
536 2505 632 2583 digito
646 2502 698 2564 vel
711 2505 787 2582 hoc,
807 2504 859 2564 vel
874 2503 947 2582 illo,
1061 2530 1065 2535 ·

370 2589 477 2652 Portet
495 2588 597 2652 Stella
609 2607 696 2649 meus
711 2587 819 2648 decem
833 2586 962 2670 puellas.

757 2755 836 2814 Xlll.

373 2867 457 2945 Sum,
479 2868 598 2947 fateor,
621 2887 806 2949 semperque
821 2869 882 2945 fui,
899 2863 1093 2944 Callistrate,
1111 2882 1246 2947 pauper,

386 2990 390 2996 -
408 2951 472 3012 Sed
486 2971 549 3011 non
564 2954 726 3032 obscurus,
746 2972 804 3012 nec
820 2951 898 3011 male
913 2958 1004 3010 notua
1019 2967 1130 3028 eques,

373 3033 431 3096 Sed
443 3043 510 3097 toto
525 3034 616 3114 legor
630 3039 706 3098 orbe
720 3037 871 3116 frequens
888 3042 921 3096 et
936 3034 1049 3094 dieitur
1066 3033 1147 3110 „Hic
1160 3035 1209 3091 est
1215 3029 1247 3109 ,“

410 3119 561 3199 Quodque
577 3122 654 3181 cinis
670 3123 792 3200 paucis,
814 3122 874 3180 hoc
889 3120 965 3179 mihi
978 3119 1041 3177 vita
1054 3114 1149 3176 dedit.

299 3270 306 3285 ι
358 3202 413 3263 out
425 3209 478 3264 tua
493 3205 634 3264 centenis
649 3207 829 3265 incumbunt
843 3210 926 3265 tecta
941 3200 1091 3262 columnis
1186 3202 1190 3209 '

406 3287 446 3348 Et
459 3286 625 3349 libertinas
640 3309 711 3349 arca
724 3287 862 3367 flagellat
876 3306 967 3368 opes,
1166 3346 1169 3351 .

372 3367 538 3449 Magnaque
553 3370 690 3453 Niliacae
705 3376 800 3434 servit
814 3373 873 3433 tibi
888 3370 978 3450 gleba
993 3369 1129 3449 Syenes,

409 3454 535 3515 Tondet
547 3463 581 3516 et
594 3458 771 3517 innumeros
787 3455 907 3517 Gallica
920 3456 1029 3514 Parma
1043 3469 1163 3531 greges.

375 3532 435 3598 lloc
449 3557 507 3617 ego
521 3547 617 3619 tuque
633 3560 751 3601 sumus:
773 3540 830 3600 sed
847 3539 930 3619 quod
947 3558 1029 3615 sum,
1050 3555 1112 3596 non
1132 3537 1223 3616 potes
1237 3552 1321 3595 esse:

348 3621 373 3676 1⁰
412 3621 460 3683 'l'u
474 3623 558 3704 quod
572 3642 623 3703 es,
645 3643 662 3686 e
676 3625 790 3706 populo
806 3623 941 3705 quilibet
955 3640 1024 3684 esse
1037 3626 1152 3704 potest.
