3267 4409
352 990 357 998 x
481 912 484 917 ·
563 888 620 964 n.
641 887 748 962 vnn
764 818 1026 965 'nanninus

487 1058 1117 1157 nrlnnannaron
1240 1147 1242 1155 .

424 1240 426 1244 ’
544 1275 548 1280 ·
685 1243 838 1307 LIBER
858 1245 910 1307 XI.

790 1433 812 1492 l.

368 1550 436 1625 Quo
453 1555 502 1626 tu,
526 1565 602 1625 qno,
624 1543 706 1607 liber
721 1547 838 1623 otiose,
859 1543 962 1606 tendis

366 1632 477 1694 Cultus
494 1630 602 1691 sidone
616 1650 678 1690 nou
693 1629 868 1689 cotidiano?
981 1678 987 1689 ,

364 1716 519 1795 Numquid
533 1716 733 1775 Parthenium
747 1714 880 1774 videre?
906 1716 1010 1778 Certe.

366 1801 469 1863 Vadas
484 1805 518 1860 et
530 1798 640 1859 redeas
654 1798 835 1858 inevolntns.

343 1886 477 1947 5Libros
491 1903 554 1944 non
566 1882 645 1962 legit
659 1882 731 1960 ille,
753 1883 810 1942 sed
823 1881 964 1959 libellos3

364 1969 430 2030 Nec
445 1969 545 2029 Musis
559 1973 661 2044 vacat,
683 1973 734 2026 aut
749 1969 812 2026 suis
827 1973 960 2030 vacaret.

365 2053 487 2133 Ecquid
502 2059 534 2112 te
549 2054 622 2112 satis
638 2052 779 2111 aestimas
794 2053 933 2128 beatum,

367 2140 558 2216 Contingunt
571 2137 628 2196 tibi
643 2137 670 2194 si
684 2155 789 2194 manus
805 2135 964 2195 minores?

365 2223 469 2283 Vicini
486 2226 560 2301 pete
573 2221 726 2300 porticum
743 2220 879 2295 Quiriniz

323 2306 502 2369 loTurbam
516 2306 684 2365 nonhabet
698 2304 879 2364 otiosiorem

365 2391 530 2471 Pompeius
544 2387 595 2449 vel
608 2389 760 2467 Agenoris
774 2388 894 2468 puella,

365 2461 428 2536 vel
442 2475 560 2556 primae
579 2472 719 2532 dominns
732 2470 811 2532 levis
829 2475 961 2537 carinae.

366 2559 445 2618 Sunt
457 2557 523 2619 illio
538 2557 598 2617 duo
613 2563 732 2634 tresve,
755 2558 807 2636 qui
821 2554 980 2618 revolvant

364 2644 545 2704 Nostrarum
564 2642 662 2702 tineas
676 2642 878 2721 ineptiarum,

322 2737 358 2791 15
366 2727 429 2787 Sed
445 2747 512 2791 cum
527 2727 650 2807 sponsio
665 2724 850 2803 fabulaeque
867 2726 966 2786 lassae
1074 2766 1082 2771 -

368 2812 414 2872 De
429 2812 546 2894 Scorpo
560 2811 679 2871 fuerint
693 2815 726 2870 et
737 2811 877 2871 Incitato.

367 3058 475 3119 Triste
490 3057 689 3139 supercilium
703 3057 835 3138 durique
850 3076 958 3120 severa
973 3059 1098 3121 Catonis

406 3143 509 3203 Frons
524 3149 556 3204 et
570 3145 700 3204 aratoris
713 3143 780 3203 filia
792 3143 944 3222 Fabricii,

366 3227 408 3288 Et
420 3229 580 3309 personati
593 3227 690 3288 fastus
704 3233 738 3288 et
755 3226 862 3306 regula
875 3247 993 3288 morum

411 3311 569 3391 Quidquid
583 3313 661 3373 etin
676 3314 816 3373 tenebris
833 3331 894 3373 non
912 3331 1031 3390 sumus,
1052 3310 1097 3371 ite
1111 3308 1204 3391 foras.

345 3393 512 3458 solomano
526 3416 600 3457 ecce
616 3398 678 3456 mei
692 3397 799 3474 „Bona
813 3395 1007 3457 Saturnalia“
1022 3413 1146 3457 versus:

324 3521 326 3527 ι
407 3482 449 3542 Et
462 3481 538 3541 licet
551 3487 583 3540 et
599 3483 654 3541 sub
670 3487 703 3541 te
717 3481 877 3562 praeside,
898 3481 1015 3560 Nerva,
1036 3477 1126 3542 libet.
1145 3528 1149 3532 Α

366 3565 516 3627 Lectores
532 3567 637 3626 tetrici
650 3564 842 3626 salebrosum
855 3564 986 3627 ediscite
1002 3564 1161 3627 Santram:
1306 3564 1310 3571 '

406 3649 459 3773 nil
473 3651 548 3711 mihi
563 3651 719 3712 vobiscum
733 3657 797 3713 est:
817 3652 879 3713 iste
893 3650 975 3716 liber
990 3665 1081 3719 meua
1091 3646 1170 3757 ests
1201 3714 1211 3725 ,θ
