3267 4409
538 374 876 521 nercmnomnon
889 423 963 488 aaa.
981 425 1047 489 vn.

311 573 421 637 lbsed
434 572 528 656 plane
544 576 661 637 medias
677 584 765 637 vorat
777 577 904 657 puellas.

354 659 396 719 Di
411 667 547 720 mentem
559 664 617 722 tihi
628 661 707 744 dent
721 669 820 740 tuam,
842 660 1001 742 Philaeni,

356 743 499 804 Cunnum
516 743 637 824 lingere
654 765 731 825 quae
743 753 833 826 putas
849 744 949 807 virile.

728 879 861 956 nxvnr.

356 989 583 1054 Commendare
598 1010 696 1070 meas,
717 992 847 1052 Instanti
861 993 958 1072 Rufe,
980 994 1128 1056 Camenas

397 1077 496 1136 Parce
510 1094 623 1155 precor
637 1095 762 1136 soceroz
783 1079 865 1137 seria
879 1078 984 1137 forsan
999 1086 1087 1143 amat.

356 1159 449 1238 Quod
463 1161 490 1220 si
502 1158 635 1238 lascivos
651 1159 783 1220 admittit
797 1169 830 1221 et
846 1160 903 1221 ille
916 1160 1059 1240 libellos,

398 1245 485 1305 Ha'ec
499 1262 557 1323 ego
571 1242 622 1304 vel
637 1244 731 1304 Curio
745 1243 951 1322 Fabricioque
965 1245 1075 1326 legam.

738 1377 844 1438 LXIX.

354 1491 443 1550 Haec
457 1494 507 1549 est
521 1468 586 1549 illd
591 1491 648 1549 tibi
662 1490 812 1571 promissa
827 1488 1018 1568 Theophila,
1038 1490 1135 1571 Cani,

400 1573 494 1634 Cuius
510 1573 661 1654 Cecropia
673 1581 801 1655 pectora
814 1592 890 1634 voce
905 1573 1037 1636 madent.

355 1658 445 1717 Hane
459 1658 519 1718 sihi
531 1658 600 1717 iure
611 1665 697 1738 petat
711 1659 811 1737 magni
827 1659 909 1718 senis
924 1658 1045 1718 Atticus
1059 1659 1183 1738 hortus,

350 1733 354 1745 ’
399 1741 464 1802 Nec
478 1742 577 1801 minus
593 1760 661 1801 esse
681 1763 764 1802 snam
779 1743 883 1802 Stoica
897 1743 987 1802 turba
1000 1741 1084 1807 velit.

335 1825 458 1888 5Vivet⁴
468 1845 543 1905 opns
559 1825 763 1905 quodcunque
777 1845 836 1906 per
850 1826 906 1885 has
922 1827 1062 1886 emiseris
1077 1847 1184 1903 anres3

398 1909 478 1969 Tam
492 1929 554 1969 non
568 1910 751 1989 femineum,
773 1928 832 1969 nec
846 1907 998 1990 populare
1013 1912 1101 1990 sapit.

354 1991 425 2054 Non
439 1998 491 2053 tna
504 1993 668 2054 Pantaenis
682 1995 808 2054 nimium
822 2011 856 2052 se
868 1994 1026 2072 praeferat
1039 1992 1104 2074 illi,

333 2140 338 2146 ,
398 2077 539 2153 Quamvis
549 2079 657 2138 Pierio
671 2078 713 2137 sit
726 2080 806 2138 bene
821 2083 893 2136 nota
908 2078 1011 2138 choro.

356 2161 501 2222 Carmina
513 2163 681 2239 lingentem
696 2162 819 2242 Sappho
832 2158 968 2221 laudavit
982 2162 1123 2223 amatrixa
1187 2201 1190 2214 ι

312 2256 348 2308 10
398 2245 520 2306 Castior
534 2246 627 2325 haee,
648 2254 681 2306 et
695 2266 757 2305 non
772 2245 893 2306 doctior
907 2243 961 2306 illa
975 2245 1043 2307 fuit.

749 2364 842 2429 LXX.

353 2474 492 2554 Ipsarum
507 2474 660 2536 tribadum
675 2477 789 2555 tribas,
810 2475 969 2557 Philaeni,
1076 2492 1086 2503 ’

353 2557 470 2638 Recte,
493 2578 582 2639 quam
595 2561 707 2640 futuis,
728 2581 817 2622 vocas
832 2564 965 2626 amicam.

739 2710 844 2772 LXXl.

354 2821 467 2881 Ficosa
481 2826 531 2881 est
543 2826 637 2900 uxor,
656 2823 768 2883 ficosus
783 2825 898 2904 etipse
912 2825 1056 2904 maritns,

397 2904 479 2964 Filia
493 2906 587 2965 ficosa
602 2913 650 2965 est
665 2914 697 2966 et
714 2926 810 2986 gener
824 2915 916 2986 atque
929 2927 1043 2989 nepos,

354 2985 422 3049 Nec
438 2987 632 3068 dispensator
646 3009 704 3051 nee
719 2990 828 3052 vilicos
843 2991 948 3052 ulcere
962 2993 1062 3073 turpi,

369 3142 379 3150 .
398 3072 464 3132 Nee
477 3072 594 3150 rigidus
608 3074 727 3153 fossor,
749 3075 806 3135 sed
819 3094 877 3136 nec
893 3082 995 3135 arator
1010 3081 1090 3153 eget.

333 3157 435 3219 focum
451 3157 513 3216 sint
527 3159 614 3218 ficosi
628 3161 746 3239 pariter
761 3161 950 3237 iuvenesque
965 3176 1135 3238 senesque,
1188 3150 1190 3157 ⁴

397 3242 461 3301 Res
475 3243 552 3302 mira
567 3250 631 3323 est,
651 3245 727 3304 ficos
741 3243 911 3303 nonhabet
925 3261 1002 3301 nnus
1017 3260 1098 3320 ager.

716 3372 849 3437 inxxfl.

357 3489 471 3549 Gratus
486 3489 530 3550 sie
544 3490 618 3566 tihi,
639 3485 754 3566 Paule,
776 3489 817 3547 sit
831 3488 1020 3566 December,

353 3574 419 3633 Nec
433 3574 502 3633 vani
516 3572 657 3654 triplices
673 3574 846 3650 brevesque
861 3589 1004 3654 mappae,

307 3747 310 3759 Ι
348 3658 419 3718 Nec
434 3658 513 3719 turis
526 3659 650 3718 veniant
664 3654 749 3717 leves
764 3656 913 3735 selibrae,

1251 423 1318 512 ιιιΙ
