3267 4409
893 394 898 401 η

326 551 390 616 250
649 551 695 615 Μ.
708 550 801 616 VAL.
816 538 1041 614 MARTIXLIS

764 736 928 818 cxxxvi.

407 866 504 928 Nemo
519 884 596 926 nova
610 862 703 926 caluit
717 867 762 926 sic
776 867 980 927 inflammatus
996 867 1108 946 amica,

448 949 606 1032 Flagravit
621 956 732 1027 quanto
747 950 865 1010 Laurus
880 969 984 1010 amore
999 948 1090 1031 pilae.

412 1034 474 1095 Sed
492 1035 544 1113 qui
557 1035 673 1114 primus
688 1040 757 1094 erat
771 1033 859 1094 lusor
877 1034 948 1095 dum
962 1036 1068 1095 floruit
1082 1040 1183 1116 aetas,

449 1119 537 1179 Nunc
551 1123 712 1199 postquam
729 1116 811 1179 desit
825 1117 951 1199 ludere,
972 1119 1071 1201 prIma
1084 1119 1147 1201 pila
1163 1118 1227 1184 est'

751 1252 930 1317 LXXXVII.

408 1366 560 1427 Octobres
575 1385 630 1445 age
644 1369 758 1428 sentiat
771 1366 924 1431 Kalendas

407 1449 545 1511 Facundi
557 1452 607 1530 pia
622 1453 717 1511 Roma
730 1452 887 1517 Restituti.
998 1466 1006 1486 ‘

405 1534 532 1612 Linguis
546 1536 685 1596 omnibus
699 1543 731 1597 et
744 1537 847 1597 favete
861 1538 957 1612 votIs3

407 1617 545 1679 Natalem
561 1618 704 1697 colimus,
724 1627 828 1680 tacete
842 1619 925 1682 lites.

387 1701 501 1763 5Absit
516 1721 625 1762 cereus
639 1703 717 1763 aridi
734 1703 875 1782 clientis,
905 1730 909 1747 ·

406 1786 449 1847 Et
461 1787 530 1844 rani
544 1785 685 1866 triplices
699 1789 872 1866 brevesque
885 1807 1013 1869 mappae

406 1869 581 1949 Expectent
594 1869 689 1948 gelidi
703 1871 787 1931 iocos
802 1872 990 1932 Decembris.

408 1954 540 2015 Certent
555 1956 732 2016 muneribus
750 1957 915 2019 beatiores.

406 2039 563 2118 Agrippae
578 2038 710 2100 tumidus
724 2042 915 2119 negotiator.

365 2134 401 2187 10
407 2121 513 2183 Cadmi
527 2125 695 2205 municipes
710 2125 792 2186 ierat
805 2122 963 2198 lacernam

407 2208 583 2286 Pugnorum
597 2228 668 2269 reus
683 2211 850 2287 ebriaeque
862 2209 963 2269 noctis

409 2292 575 2352 Cenatoria
589 2294 691 2354 mittat
706 2292 872 2369 advocato;
994 2298 1001 2313 '

407 2375 552 2435 Infamata
565 2377 663 2454 virum
677 2374 782 2456 puella
796 2377 895 2453 vicit?

407 2458 508 2520 Veros
523 2459 747 2540 sardonychas,
769 2459 825 2520 sed
841 2462 907 2541 ipsa
922 2458 1041 2535 tradat3

365 2550 398 2604 15
405 2542 538 2602 Mirator
550 2549 690 2604 veterum
704 2562 799 2604 senex
814 2563 936 2604 avorum

406 2627 508 2686 Donet
523 2626 662 2687 Phidiaci
676 2634 816 2687 toreuma
830 2625 923 2706 caeli,

405 2708 544 2773 Venator
556 2709 711 2790 leporem,
730 2709 856 2771 colonus
870 2710 1017 2790 hoedum,

408 2794 549 2854 Piscator
562 2796 645 2855 ferat
662 2812 829 2874 aequorum
843 2797 975 2874 rapInas.

407 2878 441 2937 Si
458 2879 554 2938 mittit
569 2899 623 2939 sua
640 2880 788 2959 quisque,
810 2879 885 2958 quid
899 2885 1023 2959 poetam

365 2962 573 3025 20Missurum
586 2964 662 3043 tibi,
684 2963 858 3041 Restituto,
881 2961 1006 3023 credis?

744 3097 935 3160 LXXXVIII.

406 3210 519 3271 Omnes
533 3211 732 3292 persequeris
746 3216 940 3291 praetorum,
963 3211 1069 3290 Cotta,
1090 3207 1219 3276 libellos

444 3296 568 3377 Accipis
583 3301 616 3356 et
629 3314 725 3357 ceras.
756 3295 921 3356 Officiosus
938 3294 1028 3355 homo
1044 3312 1087 3356 es.

760 3429 925 3492 LXXXIX.

408 3541 483 3601 Iuno
497 3539 602 3620 labor,
622 3538 793 3621 Polyclite,
815 3548 885 3602 tuus
900 3546 933 3602 et
948 3539 1046 3622 gloria
1059 3536 1152 3621 fellu,

448 3625 614 3686 Phidiacae
630 3632 780 3707 cuperent
797 3646 885 3706 quam
900 3628 1187 3706 meruissemus,
1251 3698 1255 3709 Ι

406 3709 470 3769 Ore
485 3711 567 3769 nitet
581 3715 684 3788 tanto,
708 3714 821 3789 quanto
838 3717 1016 3790 superasset
1030 3713 1064 3771 in
1078 3711 1131 3773 Ida

443 3792 549 3855 Iudice
564 3794 716 3855 convictas
729 3812 792 3854 uon
806 3793 967 3856 dubitante
982 3794 1065 3858 deas.
