<?xml version="1.0" encoding="UTF-8"?>
<!DOCTYPE html PUBLIC "-//W3C//DTD XHTML 1.0 Transitional//EN"
    "http://www.w3.org/TR/xhtml1/DTD/xhtml1-transitional.dtd">
<html xmlns="http://www.w3.org/1999/xhtml" xml:lang="en" lang="en">
 <head>
  <title>
</title>
<meta http-equiv="Content-Type" content="text/html;charset=utf-8" />
  <meta name='ocr-system' content='tesseract 3.04.00' />
  <meta name='ocr-capabilities' content='ocr_page ocr_carea ocr_par ocr_line ocrx_word'/>
</head>
<body>
  <div class='ocr_page' id='page_1' title='image "./mvalmartialisep00martgoog_0523.png"; bbox 0 0 3267 4409; ppageno 0'>
   <div class='ocr_carea' id='block_1_1' title="bbox 371 442 1043 526">
    <p class='ocr_par' dir='ltr' id='par_1_1' title="bbox 371 442 1043 526">
     <span class='ocr_line' id='line_1_1' title="bbox 371 442 1043 526; baseline -0.007 0"><span class='ocrx_word' id='word_1_1' title='bbox 371 463 411 526; x_wconf 84' lang='lat'><strong>78</strong></span> <span class='ocrx_word' id='word_1_2' title='bbox 517 442 521 446; x_wconf 67' lang='grc'><strong>’</strong></span> <span class='ocrx_word' id='word_1_3' title='bbox 702 474 738 523; x_wconf 81' lang='lat' dir='ltr'><strong>n.</strong></span> <span class='ocrx_word' id='word_1_4' title='bbox 761 474 833 524; x_wconf 81' lang='lat' dir='ltr'><strong>rou.</strong></span> <span class='ocrx_word' id='word_1_5' title='bbox 855 473 1043 524; x_wconf 82' lang='lat' dir='ltr'><strong>ruvuuunrs</strong></span> 
     </span>
    </p>
   </div>
   <div class='ocr_carea' id='block_1_2' title="bbox 360 568 1350 694">
    <p class='ocr_par' dir='ltr' id='par_1_2' title="bbox 360 568 1350 694">
     <span class='ocr_line' id='line_1_2' title="bbox 360 568 1350 694; baseline -0.004 -14"><span class='ocrx_word' id='word_1_6' title='bbox 360 611 487 680; x_wconf 55' lang='lat' dir='ltr'><strong>‘Sumine</strong></span> <span class='ocrx_word' id='word_1_7' title='bbox 513 632 577 676; x_wconf 90' lang='lat' dir='ltr'><strong>cum</strong></span> <span class='ocrx_word' id='word_1_8' title='bbox 597 630 701 692; x_wconf 87' lang='lat' dir='ltr'><strong>magno</strong></span> <span class='ocrx_word' id='word_1_9' title='bbox 723 613 808 693; x_wconf 90' lang='lat' dir='ltr'><strong>lepus</strong></span> <span class='ocrx_word' id='word_1_10' title='bbox 834 621 920 692; x_wconf 87' lang='lat' dir='ltr'><strong>atque</strong></span> <span class='ocrx_word' id='word_1_11' title='bbox 944 632 1016 694; x_wconf 87' lang='lat' dir='ltr'><strong>aper</strong></span> <span class='ocrx_word' id='word_1_12' title='bbox 1039 622 1069 675; x_wconf 90' lang='lat' dir='ltr'><strong>et</strong></span> <span class='ocrx_word' id='word_1_13' title='bbox 1091 632 1241 694; x_wconf 76' lang='lat' dir='ltr'><strong>pygargus</strong></span> <span class='ocrx_word' id='word_1_14' title='bbox 1268 568 1286 599; x_wconf 40' lang='grc' dir='ltr'>ι</span> <span class='ocrx_word' id='word_1_15' title='bbox 1347 631 1350 637; x_wconf 90' lang='grc'><strong><em>·</em></strong></span> 
     </span>
    </p>
   </div>
   <div class='ocr_carea' id='block_1_3' title="bbox 285 698 1353 3292">
    <p class='ocr_par' dir='ltr' id='par_1_3' title="bbox 318 698 1209 778">
     <span class='ocr_line' id='line_1_3' title="bbox 318 698 1209 778; baseline -0.002 -15"><span class='ocrx_word' id='word_1_16' title='bbox 318 746 323 754; x_wconf 87' lang='grc'>-</span> <span class='ocrx_word' id='word_1_17' title='bbox 369 701 407 763; x_wconf 77' lang='lat' dir='ltr'><strong>ltu</strong></span> <span class='ocrx_word' id='word_1_18' title='bbox 434 700 589 775; x_wconf 74' lang='lat' dir='ltr'>Scythicae</span> <span class='ocrx_word' id='word_1_19' title='bbox 613 699 752 758; x_wconf 86' lang='lat' dir='ltr'><strong>volucres</strong></span> <span class='ocrx_word' id='word_1_20' title='bbox 778 706 807 758; x_wconf 90' lang='lat' dir='ltr'><strong>et</strong></span> <span class='ocrx_word' id='word_1_21' title='bbox 833 698 1080 778; x_wconf 74' lang='lat' dir='ltr'><strong>phoenicopterus</strong></span> <span class='ocrx_word' id='word_1_22' title='bbox 1104 701 1209 778; x_wconf 87' lang='lat' dir='ltr'><strong>ingens</strong></span> 
     </span>
    </p>

    <p class='ocr_par' dir='ltr' id='par_1_4' title="bbox 364 780 1352 944">
     <span class='ocr_line' id='line_1_4' title="bbox 369 780 1352 858; baseline -0.002 -14"><span class='ocrx_word' id='word_1_23' title='bbox 369 785 408 847; x_wconf 84' lang='lat' dir='ltr'><strong>ltt</strong></span> <span class='ocrx_word' id='word_1_24' title='bbox 431 783 567 844; x_wconf 88' lang='lat' dir='ltr'><strong>Gaetulus</strong></span> <span class='ocrx_word' id='word_1_25' title='bbox 592 800 666 858; x_wconf 72' lang='lat' dir='ltr'><strong>oryx</strong></span> <span class='ocrx_word' id='word_1_26' title='bbox 689 780 789 842; x_wconf 90' lang='lat' dir='ltr'><strong>bebeti</strong></span> <span class='ocrx_word' id='word_1_27' title='bbox 808 782 965 842; x_wconf 84' lang='lat' dir='ltr'><strong>lautissima</strong></span> <span class='ocrx_word' id='word_1_28' title='bbox 989 783 1069 843; x_wconf 87' lang='lat' dir='ltr'><strong>ferro</strong></span> <span class='ocrx_word' id='word_1_29' title='bbox 1303 794 1352 848; x_wconf 80' lang='lat'><strong>140</strong></span> 
     </span>
     <span class='ocr_line' id='line_1_5' title="bbox 364 866 1133 944; baseline -0.005 -15"><span class='ocrx_word' id='word_1_30' title='bbox 364 867 508 944; x_wconf 33' lang='lat' dir='ltr'><strong>,Caeditur</strong></span> <span class='ocrx_word' id='word_1_31' title='bbox 533 875 563 927; x_wconf 89' lang='lat' dir='ltr'><strong>et</strong></span> <span class='ocrx_word' id='word_1_32' title='bbox 587 875 648 928; x_wconf 89' lang='lat' dir='ltr'><strong>tota</strong></span> <span class='ocrx_word' id='word_1_33' title='bbox 671 874 755 927; x_wconf 91' lang='lat' dir='ltr'><strong>sonat</strong></span> <span class='ocrx_word' id='word_1_34' title='bbox 775 866 869 926; x_wconf 89' lang='lat' dir='ltr'><strong>ulmea</strong></span> <span class='ocrx_word' id='word_1_35' title='bbox 894 883 987 926; x_wconf 88' lang='lat' dir='ltr'><strong>coena</strong></span> <span class='ocrx_word' id='word_1_36' title='bbox 1010 866 1133 928; x_wconf 88' lang='lat' dir='ltr'><strong>Subura.</strong></span> 
     </span>
    </p>

    <p class='ocr_par' dir='ltr' id='par_1_5' title="bbox 369 949 1213 1029">
     <span class='ocr_line' id='line_1_6' title="bbox 369 949 1213 1029; baseline 0.001 -18"><span class='ocrx_word' id='word_1_37' title='bbox 369 952 433 1012; x_wconf 90' lang='lat' dir='ltr'><strong>Nec</strong></span> <span class='ocrx_word' id='word_1_38' title='bbox 454 952 576 1011; x_wconf 85' lang='lat' dir='ltr'><strong>frustum</strong></span> <span class='ocrx_word' id='word_1_39' title='bbox 600 967 726 1029; x_wconf 86' lang='lat' dir='ltr'><strong>capreae</strong></span> <span class='ocrx_word' id='word_1_40' title='bbox 750 949 914 1010; x_wconf 91' lang='lat' dir='ltr'><strong>subducere</strong></span> <span class='ocrx_word' id='word_1_41' title='bbox 940 968 996 1010; x_wconf 90' lang='lat' dir='ltr'><strong>neo</strong></span> <span class='ocrx_word' id='word_1_42' title='bbox 1020 949 1095 1011; x_wconf 90' lang='lat' dir='ltr'><strong>latus</strong></span> <span class='ocrx_word' id='word_1_43' title='bbox 1121 950 1213 1012; x_wconf 80' lang='lat' dir='ltr'><strong>dirae</strong></span> 
     </span>
    </p>

    <p class='ocr_par' dir='ltr' id='par_1_6' title="bbox 369 1033 1133 1110">
     <span class='ocr_line' id='line_1_7' title="bbox 369 1033 1133 1110; baseline -0.003 -15"><span class='ocrx_word' id='word_1_44' title='bbox 369 1035 458 1096; x_wconf 83' lang='lat' dir='ltr'><strong>Novit</strong></span> <span class='ocrx_word' id='word_1_45' title='bbox 482 1036 543 1094; x_wconf 90' lang='lat' dir='ltr'><strong>avis</strong></span> <span class='ocrx_word' id='word_1_46' title='bbox 567 1036 681 1110; x_wconf 81' lang='lat' dir='ltr'><strong>noster,</strong></span> <span class='ocrx_word' id='word_1_47' title='bbox 709 1033 868 1093; x_wconf 91' lang='lat' dir='ltr'><strong>tirunculus</strong></span> <span class='ocrx_word' id='word_1_48' title='bbox 895 1051 931 1093; x_wconf 91' lang='lat' dir='ltr'><strong>ac</strong></span> <span class='ocrx_word' id='word_1_49' title='bbox 954 1034 1034 1094; x_wconf 89' lang='lat' dir='ltr'><strong>rudis</strong></span> <span class='ocrx_word' id='word_1_50' title='bbox 1058 1037 1133 1095; x_wconf 91' lang='lat' dir='ltr'><strong>omni</strong></span> 
     </span>
    </p>

    <p class='ocr_par' dir='ltr' id='par_1_7' title="bbox 370 1117 1130 1198">
     <span class='ocr_line' id='line_1_8' title="bbox 370 1117 1130 1198; baseline -0.003 -18"><span class='ocrx_word' id='word_1_51' title='bbox 370 1119 516 1198; x_wconf 81' lang='lat' dir='ltr'>Tempore</span> <span class='ocrx_word' id='word_1_52' title='bbox 543 1126 573 1178; x_wconf 90' lang='lat' dir='ltr'><strong>et</strong></span> <span class='ocrx_word' id='word_1_53' title='bbox 599 1119 723 1195; x_wconf 78' lang='lat' dir='ltr'>exiguae</span> <span class='ocrx_word' id='word_1_54' title='bbox 747 1118 830 1178; x_wconf 85' lang='lat' dir='ltr'><strong>furtis</strong></span> <span class='ocrx_word' id='word_1_55' title='bbox 858 1117 982 1177; x_wconf 91' lang='lat' dir='ltr'><strong>imbutus</strong></span> <span class='ocrx_word' id='word_1_56' title='bbox 1012 1118 1130 1178; x_wconf 83' lang='lat' dir='ltr'><strong>ofellae.</strong></span> 
     </span>
    </p>

    <p class='ocr_par' dir='ltr' id='par_1_8' title="bbox 369 1201 1352 1364">
     <span class='ocr_line' id='line_1_9' title="bbox 369 1201 1352 1281; baseline 0.003 -17"><span class='ocrx_word' id='word_1_57' title='bbox 369 1203 508 1264; x_wconf 88' lang='lat' dir='ltr'><strong>Plebeios</strong></span> <span class='ocrx_word' id='word_1_58' title='bbox 534 1201 642 1264; x_wconf 83' lang='lat' dir='ltr'><strong>calices</strong></span> <span class='ocrx_word' id='word_1_59' title='bbox 666 1209 696 1261; x_wconf 91' lang='lat' dir='ltr'><strong>et</strong></span> <span class='ocrx_word' id='word_1_60' title='bbox 719 1203 821 1280; x_wconf 89' lang='lat' dir='ltr'><strong>paucis</strong></span> <span class='ocrx_word' id='word_1_61' title='bbox 845 1201 958 1261; x_wconf 87' lang='lat' dir='ltr'><strong>assibus</strong></span> <span class='ocrx_word' id='word_1_62' title='bbox 980 1211 1094 1281; x_wconf 89' lang='lat' dir='ltr'><strong>emptos</strong></span> <span class='ocrx_word' id='word_1_63' title='bbox 1270 1270 1272 1274; x_wconf 57' lang='grc'><strong>,</strong></span> <span class='ocrx_word' id='word_1_64' title='bbox 1301 1215 1352 1271; x_wconf 80' lang='grc'><strong>115</strong></span> 
     </span>
     <span class='ocr_line' id='line_1_10' title="bbox 369 1285 1149 1364; baseline -0.001 -17"><span class='ocrx_word' id='word_1_65' title='bbox 369 1287 504 1363; x_wconf 83' lang='lat' dir='ltr'><strong>Porrigat</strong></span> <span class='ocrx_word' id='word_1_66' title='bbox 530 1285 654 1347; x_wconf 91' lang='lat' dir='ltr'><strong>incultus</strong></span> <span class='ocrx_word' id='word_1_67' title='bbox 679 1303 753 1364; x_wconf 89' lang='lat' dir='ltr'><strong>puer</strong></span> <span class='ocrx_word' id='word_1_68' title='bbox 773 1293 861 1364; x_wconf 83' lang='lat' dir='ltr'><strong>atque</strong></span> <span class='ocrx_word' id='word_1_69' title='bbox 884 1303 901 1345; x_wconf 90' lang='lat' dir='ltr'><strong>a</strong></span> <span class='ocrx_word' id='word_1_70' title='bbox 922 1285 1033 1363; x_wconf 81' lang='lat' dir='ltr'><strong>frigore</strong></span> <span class='ocrx_word' id='word_1_71' title='bbox 1057 1294 1149 1354; x_wconf 92' lang='lat' dir='ltr'><strong>tutus;</strong></span> 
     </span>
    </p>

    <p class='ocr_par' dir='ltr' id='par_1_9' title="bbox 369 1363 1284 1616">
     <span class='ocr_line' id='line_1_11' title="bbox 369 1363 1200 1448; baseline -0.004 -17"><span class='ocrx_word' id='word_1_72' title='bbox 369 1371 435 1432; x_wconf 89' lang='lat' dir='ltr'><strong>Non</strong></span> <span class='ocrx_word' id='word_1_73' title='bbox 455 1370 552 1445; x_wconf 77' lang='lat' dir='ltr'><strong>Phryx</strong></span> <span class='ocrx_word' id='word_1_74' title='bbox 579 1378 627 1430; x_wconf 90' lang='lat' dir='ltr'><strong>aut</strong></span> <span class='ocrx_word' id='word_1_75' title='bbox 648 1367 765 1444; x_wconf 77' lang='lat' dir='ltr'><strong>lycius,</strong></span> <span class='ocrx_word' id='word_1_76' title='bbox 786 1363 856 1442; x_wconf 90' lang='lat' dir='ltr'><strong>[non</strong></span> <span class='ocrx_word' id='word_1_77' title='bbox 884 1380 909 1430; x_wconf 80' lang='lat' dir='ltr'><strong>a·</strong></span> <span class='ocrx_word' id='word_1_78' title='bbox 924 1386 1067 1447; x_wconf 82' lang='lat' dir='ltr'><strong>mangone</strong></span> <span class='ocrx_word' id='word_1_79' title='bbox 1093 1371 1200 1448; x_wconf 90' lang='lat' dir='ltr'><strong>petitus</strong></span> 
     </span>
     <span class='ocr_line' id='line_1_12' title="bbox 371 1453 1284 1534; baseline -0.003 -19"><span class='ocrx_word' id='word_1_80' title='bbox 371 1456 528 1534; x_wconf 81' lang='lat' dir='ltr'>Quisquam</span> <span class='ocrx_word' id='word_1_81' title='bbox 551 1455 620 1514; x_wconf 89' lang='lat' dir='ltr'><strong>erit:</strong></span> <span class='ocrx_word' id='word_1_82' title='bbox 642 1455 671 1512; x_wconf 94' lang='lat' dir='ltr'><strong>in</strong></span> <span class='ocrx_word' id='word_1_83' title='bbox 690 1453 803 1531; x_wconf 84' lang='lat' dir='ltr'><strong>magno}</strong></span> <span class='ocrx_word' id='word_1_84' title='bbox 817 1471 902 1530; x_wconf 86' lang='lat' dir='ltr'><strong>quum</strong></span> <span class='ocrx_word' id='word_1_85' title='bbox 924 1471 1049 1532; x_wconf 82' lang='lat' dir='ltr'><strong>posces,</strong></span> <span class='ocrx_word' id='word_1_86' title='bbox 1072 1471 1164 1532; x_wconf 89' lang='lat' dir='ltr'><strong>posce</strong></span> <span class='ocrx_word' id='word_1_87' title='bbox 1188 1454 1284 1514; x_wconf 89' lang='lat' dir='ltr'><strong>latine.</strong></span> 
     </span>
     <span class='ocr_line' id='line_1_13' title="bbox 369 1537 1126 1616; baseline -0.004 -17"><span class='ocrx_word' id='word_1_88' title='bbox 369 1538 588 1612; x_wconf 22' lang='lat' dir='ltr'><strong>Idem-babitus</strong></span> <span class='ocrx_word' id='word_1_89' title='bbox 615 1537 746 1613; x_wconf 85' lang='lat' dir='ltr'><strong>cunctis,</strong></span> <span class='ocrx_word' id='word_1_90' title='bbox 771 1539 847 1597; x_wconf 91' lang='lat' dir='ltr'><strong>tonsi</strong></span> <span class='ocrx_word' id='word_1_91' title='bbox 873 1540 1004 1615; x_wconf 87' lang='lat' dir='ltr'><strong>rectique</strong></span> <span class='ocrx_word' id='word_1_92' title='bbox 1028 1538 1126 1616; x_wconf 91' lang='lat' dir='ltr'><strong>capilli</strong></span> 
     </span>
    </p>

    <p class='ocr_par' dir='ltr' id='par_1_10' title="bbox 370 1621 1353 1780">
     <span class='ocr_line' id='line_1_14' title="bbox 370 1621 1353 1700; baseline 0.005 -19"><span class='ocrx_word' id='word_1_93' title='bbox 370 1622 467 1700; x_wconf 81' lang='lat' dir='ltr'><strong>Atque</strong></span> <span class='ocrx_word' id='word_1_94' title='bbox 490 1621 577 1681; x_wconf 89' lang='lat' dir='ltr'><strong>hodie</strong></span> <span class='ocrx_word' id='word_1_95' title='bbox 602 1629 708 1680; x_wconf 89' lang='lat' dir='ltr'><strong>tantum</strong></span> <span class='ocrx_word' id='word_1_96' title='bbox 730 1629 853 1700; x_wconf 87' lang='lat' dir='ltr'><strong>propter</strong></span> <span class='ocrx_word' id='word_1_97' title='bbox 872 1623 1004 1680; x_wconf 88' lang='lat' dir='ltr'><strong>convivia</strong></span> <span class='ocrx_word' id='word_1_98' title='bbox 1026 1622 1104 1699; x_wconf 85' lang='lat' dir='ltr'><strong>pexi.</strong></span> <span class='ocrx_word' id='word_1_99' title='bbox 1302 1633 1353 1686; x_wconf 87' lang='grc'><strong>150</strong></span> 
     </span>
     <span class='ocr_line' id='line_1_15' title="bbox 370 1703 1060 1780; baseline -0.001 -15"><span class='ocrx_word' id='word_1_100' title='bbox 370 1705 500 1766; x_wconf 85' lang='lat' dir='ltr'><strong>Pastoris</strong></span> <span class='ocrx_word' id='word_1_101' title='bbox 523 1705 585 1763; x_wconf 91' lang='lat' dir='ltr'><strong>duri</strong></span> <span class='ocrx_word' id='word_1_102' title='bbox 604 1703 652 1764; x_wconf 90' lang='lat' dir='ltr'><strong>bio</strong></span> <span class='ocrx_word' id='word_1_103' title='bbox 673 1712 719 1764; x_wconf 87' lang='lat' dir='ltr'><strong>ost</strong></span> <span class='ocrx_word' id='word_1_104' title='bbox 741 1705 833 1780; x_wconf 89' lang='lat' dir='ltr'><strong>iilius,</strong></span> <span class='ocrx_word' id='word_1_105' title='bbox 859 1705 910 1764; x_wconf 90' lang='lat' dir='ltr'><strong>ille</strong></span> <span class='ocrx_word' id='word_1_106' title='bbox 933 1704 1060 1765; x_wconf 90' lang='lat' dir='ltr'><strong>bubulci.</strong></span> 
     </span>
    </p>

    <p class='ocr_par' dir='ltr' id='par_1_11' title="bbox 370 1788 1124 1868">
     <span class='ocr_line' id='line_1_16' title="bbox 370 1788 1124 1868; baseline -0.003 -18"><span class='ocrx_word' id='word_1_107' title='bbox 370 1791 503 1868; x_wconf 80' lang='lat' dir='ltr'><strong>Suspirat</strong></span> <span class='ocrx_word' id='word_1_108' title='bbox 528 1788 617 1865; x_wconf 89' lang='lat' dir='ltr'><strong>longo</strong></span> <span class='ocrx_word' id='word_1_109' title='bbox 643 1804 701 1846; x_wconf 92' lang='lat' dir='ltr'><strong>nou</strong></span> <span class='ocrx_word' id='word_1_110' title='bbox 720 1788 811 1846; x_wconf 87' lang='lat' dir='ltr'><strong>visam</strong></span> <span class='ocrx_word' id='word_1_111' title='bbox 835 1795 967 1866; x_wconf 86' lang='lat' dir='ltr'><strong>tempore</strong></span> <span class='ocrx_word' id='word_1_112' title='bbox 986 1797 1124 1864; x_wconf 83' lang='lat' dir='ltr'><strong>matrem,</strong></span> 
     </span>
    </p>

    <p class='ocr_par' dir='ltr' id='par_1_12' title="bbox 370 1871 1210 2036">
     <span class='ocr_line' id='line_1_17' title="bbox 370 1871 1210 1949; baseline -0.002 -15"><span class='ocrx_word' id='word_1_113' title='bbox 370 1873 408 1934; x_wconf 82' lang='lat' dir='ltr'><strong>Et</strong></span> <span class='ocrx_word' id='word_1_114' title='bbox 432 1873 560 1934; x_wconf 89' lang='lat' dir='ltr'><strong>casulam</strong></span> <span class='ocrx_word' id='word_1_115' title='bbox 581 1879 719 1943; x_wconf 87' lang='lat' dir='ltr'><strong>ctnotos</strong></span> <span class='ocrx_word' id='word_1_116' title='bbox 741 1871 831 1931; x_wconf 89' lang='lat' dir='ltr'><strong>tristis</strong></span> <span class='ocrx_word' id='word_1_117' title='bbox 856 1871 1004 1932; x_wconf 83' lang='lat' dir='ltr'><strong>desiderat</strong></span> <span class='ocrx_word' id='word_1_118' title='bbox 1025 1871 1147 1949; x_wconf 87' lang='lat' dir='ltr'><strong>haedos,</strong></span> <span class='ocrx_word' id='word_1_119' title='bbox 1205 1939 1210 1948; x_wconf 35' lang='lat'><strong><em>¹</em></strong></span> 
     </span>
     <span class='ocr_line' id='line_1_18' title="bbox 370 1955 1054 2036; baseline -0.003 -19"><span class='ocrx_word' id='word_1_120' title='bbox 370 1957 490 2036; x_wconf 91' lang='lat' dir='ltr'><strong>lngenui</strong></span> <span class='ocrx_word' id='word_1_121' title='bbox 513 1956 609 2016; x_wconf 86' lang='lat' dir='ltr'><strong>vultus</strong></span> <span class='ocrx_word' id='word_1_122' title='bbox 632 1973 714 2034; x_wconf 87' lang='lat' dir='ltr'><strong>puer·</strong></span> <span class='ocrx_word' id='word_1_123' title='bbox 726 1956 902 2034; x_wconf 88' lang='lat' dir='ltr'><strong>ingenuique</strong></span> <span class='ocrx_word' id='word_1_124' title='bbox 924 1955 1054 2035; x_wconf 80' lang='lat' dir='ltr'><strong>pudoris,</strong></span> 
     </span>
    </p>

    <p class='ocr_par' dir='ltr' id='par_1_13' title="bbox 370 2039 1352 2204">
     <span class='ocr_line' id='line_1_19' title="bbox 371 2039 1352 2119; baseline 0.003 -17"><span class='ocrx_word' id='word_1_125' title='bbox 371 2040 480 2114; x_wconf 79' lang='lat' dir='ltr'><strong>Quales</strong></span> <span class='ocrx_word' id='word_1_126' title='bbox 506 2059 573 2100; x_wconf 86' lang='lat' dir='ltr'><strong>esse</strong></span> <span class='ocrx_word' id='word_1_127' title='bbox 595 2039 698 2116; x_wconf 84' lang='lat' dir='ltr'><strong>decet,</strong></span> <span class='ocrx_word' id='word_1_128' title='bbox 723 2056 796 2118; x_wconf 83' lang='lat' dir='ltr'><strong>quos</strong></span> <span class='ocrx_word' id='word_1_129' title='bbox 819 2041 923 2100; x_wconf 90' lang='lat' dir='ltr'><strong>ardens</strong></span> <span class='ocrx_word' id='word_1_130' title='bbox 946 2057 1073 2119; x_wconf 76' lang='lat' dir='ltr'><strong>purpura</strong></span> <span class='ocrx_word' id='word_1_131' title='bbox 1094 2042 1196 2110; x_wconf 84' lang='lat' dir='ltr'><strong>vestit;</strong></span> <span class='ocrx_word' id='word_1_132' title='bbox 1301 2052 1352 2105; x_wconf 84' lang='grc'><strong>155</strong></span> 
     </span>
     <span class='ocr_line' id='line_1_20' title="bbox 370 2123 1048 2204; baseline -0.001 -20"><span class='ocrx_word' id='word_1_133' title='bbox 370 2124 433 2184; x_wconf 88' lang='lat' dir='ltr'><strong>Nec</strong></span> <span class='ocrx_word' id='word_1_134' title='bbox 456 2126 617 2204; x_wconf 90' lang='lat' dir='ltr'><strong>pupillares</strong></span> <span class='ocrx_word' id='word_1_135' title='bbox 638 2123 735 2184; x_wconf 88' lang='lat' dir='ltr'><strong>deicrt</strong></span> <span class='ocrx_word' id='word_1_136' title='bbox 759 2125 789 2184; x_wconf 92' lang='lat' dir='ltr'><strong>in</strong></span> <span class='ocrx_word' id='word_1_137' title='bbox 814 2123 919 2186; x_wconf 89' lang='lat' dir='ltr'><strong>balnea</strong></span> <span class='ocrx_word' id='word_1_138' title='bbox 942 2142 1048 2184; x_wconf 88' lang='lat' dir='ltr'><strong>raucus</strong></span> 
     </span>
    </p>

    <p class='ocr_par' dir='ltr' id='par_1_14' title="bbox 371 2207 1131 2288">
     <span class='ocr_line' id='line_1_21' title="bbox 371 2207 1131 2288; baseline 0 -19"><span class='ocrx_word' id='word_1_139' title='bbox 371 2208 551 2286; x_wconf 85' lang='lat' dir='ltr'><strong>Testiculos,</strong></span> <span class='ocrx_word' id='word_1_140' title='bbox 573 2225 628 2268; x_wconf 87' lang='lat' dir='ltr'><strong>nec</strong></span> <span class='ocrx_word' id='word_1_141' title='bbox 650 2207 802 2268; x_wconf 82' lang='lat' dir='ltr'><strong>vellendas</strong></span> <span class='ocrx_word' id='word_1_142' title='bbox 826 2209 880 2269; x_wconf 88' lang='lat' dir='ltr'><strong>iam</strong></span> <span class='ocrx_word' id='word_1_143' title='bbox 904 2207 1036 2288; x_wconf 89' lang='lat' dir='ltr'><strong>praebuit</strong></span> <span class='ocrx_word' id='word_1_144' title='bbox 1059 2208 1131 2284; x_wconf 84' lang='lat' dir='ltr'><strong>alas,</strong></span> 
     </span>
    </p>

    <p class='ocr_par' dir='ltr' id='par_1_15' title="bbox 372 2291 1216 2370">
     <span class='ocr_line' id='line_1_22' title="bbox 372 2291 1216 2370; baseline 0 -18"><span class='ocrx_word' id='word_1_145' title='bbox 372 2291 477 2353; x_wconf 81' lang='lat' dir='ltr'><strong>Cressa</strong></span> <span class='ocrx_word' id='word_1_146' title='bbox 501 2311 556 2352; x_wconf 89' lang='lat' dir='ltr'><strong>nec</strong></span> <span class='ocrx_word' id='word_1_147' title='bbox 582 2293 719 2370; x_wconf 87' lang='lat' dir='ltr'><strong>opposito</strong></span> <span class='ocrx_word' id='word_1_148' title='bbox 747 2293 869 2369; x_wconf 87' lang='lat' dir='ltr'><strong>pavidus</strong></span> <span class='ocrx_word' id='word_1_149' title='bbox 890 2294 963 2370; x_wconf 87' lang='lat' dir='ltr'><strong>tegit</strong></span> <span class='ocrx_word' id='word_1_150' title='bbox 987 2294 1103 2369; x_wconf 91' lang='lat' dir='ltr'><strong>inguina</strong></span> <span class='ocrx_word' id='word_1_151' title='bbox 1125 2302 1216 2369; x_wconf 83' lang='lat' dir='ltr'><strong>gutto.</strong></span> 
     </span>
    </p>

    <p class='ocr_par' dir='ltr' id='par_1_16' title="bbox 370 2374 1130 2453">
     <span class='ocr_line' id='line_1_23' title="bbox 370 2374 1130 2453; baseline -0.004 -17"><span class='ocrx_word' id='word_1_152' title='bbox 370 2376 424 2436; x_wconf 89' lang='lat' dir='ltr'><strong>Hic</strong></span> <span class='ocrx_word' id='word_1_153' title='bbox 450 2378 501 2436; x_wconf 91' lang='lat' dir='ltr'><strong>tibi</strong></span> <span class='ocrx_word' id='word_1_154' title='bbox 520 2378 594 2447; x_wconf 53' lang='lat' dir='ltr'><strong>,vina</strong></span> <span class='ocrx_word' id='word_1_155' title='bbox 613 2375 691 2436; x_wconf 92' lang='lat' dir='ltr'><strong>dabit</strong></span> <span class='ocrx_word' id='word_1_156' title='bbox 717 2374 820 2453; x_wconf 81' lang='lat' dir='ltr'><strong>diiiusa</strong></span> <span class='ocrx_word' id='word_1_157' title='bbox 844 2378 873 2436; x_wconf 93' lang='lat' dir='ltr'><strong>in</strong></span> <span class='ocrx_word' id='word_1_158' title='bbox 894 2376 1038 2437; x_wconf 92' lang='lat' dir='ltr'><strong>montibus</strong></span> <span class='ocrx_word' id='word_1_159' title='bbox 1060 2376 1130 2452; x_wconf 86' lang='lat' dir='ltr'><strong>illis,</strong></span> 
     </span>
    </p>

    <p class='ocr_par' dir='ltr' id='par_1_17' title="bbox 370 2460 1351 2704">
     <span class='ocr_line' id='line_1_24' title="bbox 370 2460 1351 2539; baseline 0.004 -19"><span class='ocrx_word' id='word_1_160' title='bbox 370 2461 398 2520; x_wconf 83' lang='lat' dir='ltr'>A</span> <span class='ocrx_word' id='word_1_161' title='bbox 420 2461 523 2539; x_wconf 87' lang='lat' dir='ltr'><strong>quibus</strong></span> <span class='ocrx_word' id='word_1_162' title='bbox 546 2461 610 2539; x_wconf 90' lang='lat' dir='ltr'><strong>ipse</strong></span> <span class='ocrx_word' id='word_1_163' title='bbox 634 2460 729 2536; x_wconf 85' lang='lat' dir='ltr'><strong>venit,</strong></span> <span class='ocrx_word' id='word_1_164' title='bbox 752 2477 877 2538; x_wconf 55' lang='lat' dir='ltr'><strong>quorum,</strong></span> <span class='ocrx_word' id='word_1_165' title='bbox 897 2460 950 2521; x_wconf 91' lang='lat' dir='ltr'><strong>sub</strong></span> <span class='ocrx_word' id='word_1_166' title='bbox 972 2461 1083 2521; x_wconf 86' lang='lat' dir='ltr'><strong>vertice</strong></span> <span class='ocrx_word' id='word_1_167' title='bbox 1110 2460 1191 2529; x_wconf 91' lang='lat' dir='ltr'><strong>lusit;</strong></span> <span class='ocrx_word' id='word_1_168' title='bbox 1298 2472 1351 2525; x_wconf 88' lang='lat'><strong>160</strong></span> 
     </span>
     <span class='ocr_line' id='line_1_25' title="bbox 370 2543 1326 2622; baseline -0.001 -19"><span class='ocrx_word' id='word_1_169' title='bbox 370 2543 501 2622; x_wconf 81' lang='lat' dir='ltr'><strong>Namque</strong></span> <span class='ocrx_word' id='word_1_170' title='bbox 523 2562 578 2603; x_wconf 91' lang='lat' dir='ltr'><strong>una</strong></span> <span class='ocrx_word' id='word_1_171' title='bbox 598 2551 685 2621; x_wconf 83' lang='lat' dir='ltr'><strong>atque</strong></span> <span class='ocrx_word' id='word_1_172' title='bbox 705 2543 807 2604; x_wconf 88' lang='lat' dir='ltr'><strong>eadem</strong></span> <span class='ocrx_word' id='word_1_173' title='bbox 830 2553 876 2604; x_wconf 89' lang='lat' dir='ltr'><strong>est</strong></span> <span class='ocrx_word' id='word_1_174' title='bbox 896 2545 955 2604; x_wconf 80' lang='lat' dir='ltr'><strong>uini</strong></span> <span class='ocrx_word' id='word_1_175' title='bbox 972 2545 1064 2622; x_wconf 89' lang='lat' dir='ltr'><strong>patria</strong></span> <span class='ocrx_word' id='word_1_176' title='bbox 1085 2552 1172 2622; x_wconf 84' lang='lat' dir='ltr'><strong>atque</strong></span> <span class='ocrx_word' id='word_1_177' title='bbox 1196 2544 1326 2603; x_wconf 73' lang='lat' dir='ltr'><strong>ministri,</strong></span> 
     </span>
     <span class='ocr_line' id='line_1_26' title="bbox 370 2627 1047 2704; baseline -0.004 -16"><span class='ocrx_word' id='word_1_178' title='bbox 370 2627 504 2688; x_wconf 85' lang='lat' dir='ltr'><strong>Forsitan</strong></span> <span class='ocrx_word' id='word_1_179' title='bbox 526 2636 700 2704; x_wconf 86' lang='lat' dir='ltr'><strong>exspectes,</strong></span> <span class='ocrx_word' id='word_1_180' title='bbox 726 2636 757 2688; x_wconf 90' lang='lat' dir='ltr'><strong>ut</strong></span> <span class='ocrx_word' id='word_1_181' title='bbox 782 2627 919 2689; x_wconf 84' lang='lat' dir='ltr'><strong>Gaditana</strong></span> <span class='ocrx_word' id='word_1_182' title='bbox 940 2643 1047 2688; x_wconf 88' lang='lat' dir='ltr'><strong>canoro</strong></span> 
     </span>
    </p>

    <p class='ocr_par' dir='ltr' id='par_1_18' title="bbox 285 2709 1116 2793">
     <span class='ocr_line' id='line_1_27' title="bbox 285 2709 1116 2793; baseline -0.002 -21"><span class='ocrx_word' id='word_1_183' title='bbox 285 2740 287 2752; x_wconf 88' lang='grc'><strong><em>·</em></strong></span> <span class='ocrx_word' id='word_1_184' title='bbox 369 2709 510 2790; x_wconf 84' lang='lat' dir='ltr'><strong>Incipiunt</strong></span> <span class='ocrx_word' id='word_1_185' title='bbox 533 2712 647 2790; x_wconf 89' lang='lat' dir='ltr'><strong>prurire</strong></span> <span class='ocrx_word' id='word_1_186' title='bbox 676 2710 766 2771; x_wconf 89' lang='lat' dir='ltr'><strong>choro</strong></span> <span class='ocrx_word' id='word_1_187' title='bbox 789 2713 951 2793; x_wconf 86' lang='lat' dir='ltr'><strong>plausuque</strong></span> <span class='ocrx_word' id='word_1_188' title='bbox 974 2710 1116 2790; x_wconf 81' lang='lat' dir='ltr'><strong>probatae</strong></span> 
     </span>
    </p>

    <p class='ocr_par' dir='ltr' id='par_1_19' title="bbox 370 2792 1165 2874">
     <span class='ocr_line' id='line_1_28' title="bbox 370 2792 1165 2874; baseline -0.001 -18"><span class='ocrx_word' id='word_1_189' title='bbox 370 2795 416 2856; x_wconf 82' lang='lat' dir='ltr'><strong>nd</strong></span> <span class='ocrx_word' id='word_1_190' title='bbox 441 2805 547 2857; x_wconf 90' lang='lat' dir='ltr'><strong>terram</strong></span> <span class='ocrx_word' id='word_1_191' title='bbox 567 2795 691 2855; x_wconf 88' lang='lat' dir='ltr'><strong>tremulo</strong></span> <span class='ocrx_word' id='word_1_192' title='bbox 717 2795 896 2858; x_wconf 77' lang='lat' dir='ltr'><strong>descendant</strong></span> <span class='ocrx_word' id='word_1_193' title='bbox 918 2796 1002 2858; x_wconf 87' lang='lat' dir='ltr'><strong>clune</strong></span> <span class='ocrx_word' id='word_1_194' title='bbox 1025 2792 1165 2874; x_wconf 77' lang='lat' dir='ltr'><strong>puellae?</strong></span> 
     </span>
    </p>

    <p class='ocr_par' dir='ltr' id='par_1_20' title="bbox 370 2880 1350 3127">
     <span class='ocr_line' id='line_1_29' title="bbox 371 2880 1350 2960; baseline 0.001 -18"><span class='ocrx_word' id='word_1_195' title='bbox 371 2883 512 2960; x_wconf 87' lang='lat' dir='ltr'><strong>Spectant</strong></span> <span class='ocrx_word' id='word_1_196' title='bbox 536 2881 594 2940; x_wconf 87' lang='lat' dir='ltr'><strong>boc</strong></span> <span class='ocrx_word' id='word_1_197' title='bbox 615 2888 722 2958; x_wconf 89' lang='lat' dir='ltr'><strong>nuptae</strong></span> <span class='ocrx_word' id='word_1_198' title='bbox 743 2881 822 2941; x_wconf 83' lang='lat' dir='ltr'><strong>iuxta</strong></span> <span class='ocrx_word' id='word_1_199' title='bbox 845 2881 1003 2943; x_wconf 78' lang='lat' dir='ltr'><strong>recubante</strong></span> <span class='ocrx_word' id='word_1_200' title='bbox 1025 2880 1139 2954; x_wconf 85' lang='lat' dir='ltr'><strong>marito,</strong></span> <span class='ocrx_word' id='word_1_201' title='bbox 1300 2888 1350 2943; x_wconf 86' lang='grc'><strong>165</strong></span> 
     </span>
     <span class='ocr_line' id='line_1_30' title="bbox 371 2964 1210 3046; baseline 0 -21"><span class='ocrx_word' id='word_1_202' title='bbox 371 2964 456 3040; x_wconf 83' lang='lat' dir='ltr'><strong>Quod</strong></span> <span class='ocrx_word' id='word_1_203' title='bbox 482 2965 589 3045; x_wconf 87' lang='lat' dir='ltr'><strong>pudeat</strong></span> <span class='ocrx_word' id='word_1_204' title='bbox 611 2981 729 3024; x_wconf 88' lang='lat' dir='ltr'><strong>narrare</strong></span> <span class='ocrx_word' id='word_1_205' title='bbox 752 2966 879 3044; x_wconf 87' lang='lat' dir='ltr'><strong>aliquem</strong></span> <span class='ocrx_word' id='word_1_206' title='bbox 900 2964 1102 3046; x_wconf 84' lang='lat' dir='ltr'><strong>praesentibus</strong></span> <span class='ocrx_word' id='word_1_207' title='bbox 1128 2964 1210 3044; x_wconf 88' lang='lat' dir='ltr'><strong>ipsis,</strong></span> 
     </span>
     <span class='ocr_line' id='line_1_31' title="bbox 370 3047 1072 3127; baseline -0.001 -17"><span class='ocrx_word' id='word_1_208' title='bbox 370 3048 579 3110; x_wconf 87' lang='lat' dir='ltr'><strong>Irritamentum</strong></span> <span class='ocrx_word' id='word_1_209' title='bbox 603 3047 729 3108; x_wconf 84' lang='lat' dir='ltr'><strong>Veneris</strong></span> <span class='ocrx_word' id='word_1_210' title='bbox 749 3048 912 3127; x_wconf 85' lang='lat' dir='ltr'><strong>languentis</strong></span> <span class='ocrx_word' id='word_1_211' title='bbox 936 3060 966 3112; x_wconf 90' lang='lat' dir='ltr'><strong>et</strong></span> <span class='ocrx_word' id='word_1_212' title='bbox 988 3067 1072 3111; x_wconf 86' lang='lat' dir='ltr'><strong>acres</strong></span> 
     </span>
    </p>

    <p class='ocr_par' dir='ltr' id='par_1_21' title="bbox 370 3131 1090 3214">
     <span class='ocr_line' id='line_1_32' title="bbox 370 3131 1090 3214; baseline 0 -21"><span class='ocrx_word' id='word_1_213' title='bbox 370 3133 475 3194; x_wconf 90' lang='lat' dir='ltr'><strong>Divitis</strong></span> <span class='ocrx_word' id='word_1_214' title='bbox 499 3135 609 3193; x_wconf 84' lang='lat' dir='ltr'><strong>urticae</strong></span> <span class='ocrx_word' id='word_1_215' title='bbox 631 3131 739 3212; x_wconf 88' lang='lat' dir='ltr'><strong>(maior</strong></span> <span class='ocrx_word' id='word_1_216' title='bbox 758 3142 855 3194; x_wconf 89' lang='lat' dir='ltr'><strong>tamen</strong></span> <span class='ocrx_word' id='word_1_217' title='bbox 878 3135 933 3195; x_wconf 93' lang='lat' dir='ltr'><strong>ista</strong></span> <span class='ocrx_word' id='word_1_218' title='bbox 954 3135 1090 3214; x_wconf 86' lang='lat' dir='ltr'><strong>voluptas</strong></span> 
     </span>
    </p>

    <p class='ocr_par' dir='ltr' id='par_1_22' title="bbox 371 3217 1152 3292">
     <span class='ocr_line' id='line_1_33' title="bbox 371 3217 1152 3292; baseline 0 -15"><span class='ocrx_word' id='word_1_219' title='bbox 371 3218 500 3278; x_wconf 79' lang='lat' dir='ltr'><strong>Alterius</strong></span> <span class='ocrx_word' id='word_1_220' title='bbox 520 3234 623 3286; x_wconf 80' lang='lat' dir='ltr'><strong>sexus3</strong></span> <span class='ocrx_word' id='word_1_221' title='bbox 650 3217 743 3292; x_wconf 86' lang='lat' dir='ltr'><strong>magis</strong></span> <span class='ocrx_word' id='word_1_222' title='bbox 764 3218 815 3277; x_wconf 84' lang='lat' dir='ltr'><strong>ille</strong></span> <span class='ocrx_word' id='word_1_223' title='bbox 840 3219 1004 3279; x_wconf 83' lang='lat' dir='ltr'><strong>extenditur</strong></span> <span class='ocrx_word' id='word_1_224' title='bbox 1029 3227 1058 3278; x_wconf 85' lang='lat' dir='ltr'><strong>ct</strong></span> <span class='ocrx_word' id='word_1_225' title='bbox 1083 3234 1152 3278; x_wconf 83' lang='lat' dir='ltr'><strong>mox</strong></span> 
     </span>
    </p>
   </div>
   <div class='ocr_carea' id='block_1_4' title="bbox 259 3300 1353 3382">
    <p class='ocr_par' dir='ltr' id='par_1_23' title="bbox 259 3300 1353 3382">
     <span class='ocr_line' id='line_1_34' title="bbox 259 3300 1353 3382; baseline 0.005 -26"><span class='ocrx_word' id='word_1_226' title='bbox 259 3343 264 3356; x_wconf 87' lang='lat'><em>.</em></span> <span class='ocrx_word' id='word_1_227' title='bbox 370 3302 497 3362; x_wconf 78' lang='lat' dir='ltr'><strong>Auribus</strong></span> <span class='ocrx_word' id='word_1_228' title='bbox 518 3312 604 3380; x_wconf 87' lang='lat' dir='ltr'><strong>atquc</strong></span> <span class='ocrx_word' id='word_1_229' title='bbox 630 3300 724 3360; x_wconf 92' lang='lat' dir='ltr'><strong>oculis</strong></span> <span class='ocrx_word' id='word_1_230' title='bbox 738 3311 889 3379; x_wconf 87' lang='lat' dir='ltr'><strong>concepta</strong></span> <span class='ocrx_word' id='word_1_231' title='bbox 912 3304 993 3363; x_wconf 89' lang='lat' dir='ltr'><strong>urina</strong></span> <span class='ocrx_word' id='word_1_232' title='bbox 1010 3303 1173 3382; x_wconf 85' lang='lat' dir='ltr'><strong>movetur);</strong></span> <span class='ocrx_word' id='word_1_233' title='bbox 1301 3307 1353 3361; x_wconf 82' lang='lat'><strong>170</strong></span> 
     </span>
    </p>
   </div>
   <div class='ocr_carea' id='block_1_5' title="bbox 370 3383 1354 3799">
    <p class='ocr_par' dir='ltr' id='par_1_24' title="bbox 370 3383 1301 3716">
     <span class='ocr_line' id='line_1_35' title="bbox 372 3383 1216 3465; baseline 0 -20"><span class='ocrx_word' id='word_1_234' title='bbox 372 3385 437 3446; x_wconf 91' lang='lat' dir='ltr'><strong>Non</strong></span> <span class='ocrx_word' id='word_1_235' title='bbox 459 3388 537 3465; x_wconf 89' lang='lat' dir='ltr'><strong>capit</strong></span> <span class='ocrx_word' id='word_1_236' title='bbox 560 3385 612 3446; x_wconf 91' lang='lat' dir='ltr'><strong>bas</strong></span> <span class='ocrx_word' id='word_1_237' title='bbox 636 3401 728 3461; x_wconf 85' lang='lat' dir='ltr'><strong>nugas</strong></span> <span class='ocrx_word' id='word_1_238' title='bbox 749 3384 864 3447; x_wconf 91' lang='lat' dir='ltr'><strong>bumilis</strong></span> <span class='ocrx_word' id='word_1_239' title='bbox 886 3384 999 3445; x_wconf 86' lang='lat' dir='ltr'><strong>domus.</strong></span> <span class='ocrx_word' id='word_1_240' title='bbox 1035 3383 1142 3445; x_wconf 80' lang='lat' dir='ltr'><strong>Audiat</strong></span> <span class='ocrx_word' id='word_1_241' title='bbox 1164 3384 1216 3445; x_wconf 88' lang='lat' dir='ltr'><strong>illc</strong></span> 
     </span>
     <span class='ocr_line' id='line_1_36' title="bbox 371 3467 1233 3545; baseline 0 -17"><span class='ocrx_word' id='word_1_242' title='bbox 371 3469 522 3529; x_wconf 91' lang='lat' dir='ltr'><strong>&#39;lestarum</strong></span> <span class='ocrx_word' id='word_1_243' title='bbox 548 3467 676 3545; x_wconf 82' lang='lat' dir='ltr'><strong>crepitus</strong></span> <span class='ocrx_word' id='word_1_244' title='bbox 699 3487 763 3529; x_wconf 83' lang='lat' dir='ltr'><strong>cuna</strong></span> <span class='ocrx_word' id='word_1_245' title='bbox 787 3468 902 3545; x_wconf 83' lang='lat' dir='ltr'><strong>verbis,</strong></span> <span class='ocrx_word' id='word_1_246' title='bbox 926 3469 1030 3529; x_wconf 92' lang='lat' dir='ltr'><strong>nudum</strong></span> <span class='ocrx_word' id='word_1_247' title='bbox 1053 3469 1130 3528; x_wconf 92' lang='lat' dir='ltr'><strong>olido</strong></span> <span class='ocrx_word' id='word_1_248' title='bbox 1154 3478 1233 3529; x_wconf 88' lang='lat' dir='ltr'><strong>stans</strong></span> 
     </span>
     <span class='ocr_line' id='line_1_37' title="bbox 370 3551 1301 3632; baseline -0.001 -21"><span class='ocrx_word' id='word_1_249' title='bbox 370 3551 496 3612; x_wconf 87' lang='lat' dir='ltr'><strong>Fornice</strong></span> <span class='ocrx_word' id='word_1_250' title='bbox 519 3551 691 3628; x_wconf 90' lang='lat' dir='ltr'><strong>mancipium</strong></span> <span class='ocrx_word' id='word_1_251' title='bbox 712 3552 815 3632; x_wconf 90' lang='lat' dir='ltr'><strong>quibus</strong></span> <span class='ocrx_word' id='word_1_252' title='bbox 838 3552 979 3627; x_wconf 80' lang='lat' dir='ltr'><strong>abstinet,</strong></span> <span class='ocrx_word' id='word_1_253' title='bbox 1001 3551 1052 3612; x_wconf 88' lang='lat' dir='ltr'><strong>ille</strong></span> <span class='ocrx_word' id='word_1_254' title='bbox 1075 3551 1186 3612; x_wconf 83' lang='lat' dir='ltr'><strong>fruatur</strong></span> <span class='ocrx_word' id='word_1_255' title='bbox 1299 3560 1301 3564; x_wconf 82' lang='grc'><strong>“</strong></span> 
     </span>
     <span class='ocr_line' id='line_1_38' title="bbox 370 3635 1061 3716; baseline 0.003 -22"><span class='ocrx_word' id='word_1_256' title='bbox 370 3635 501 3695; x_wconf 89' lang='lat' dir='ltr'><strong>Vocibus</strong></span> <span class='ocrx_word' id='word_1_257' title='bbox 524 3635 662 3697; x_wconf 89' lang='lat' dir='ltr'><strong>obscenis</strong></span> <span class='ocrx_word' id='word_1_258' title='bbox 687 3639 822 3716; x_wconf 87' lang='lat' dir='ltr'><strong>omnique</strong></span> <span class='ocrx_word' id='word_1_259' title='bbox 843 3635 966 3697; x_wconf 91' lang='lat' dir='ltr'><strong>libidinis</strong></span> <span class='ocrx_word' id='word_1_260' title='bbox 989 3644 1061 3712; x_wconf 86' lang='lat' dir='ltr'><strong>arte,</strong></span> 
     </span>
    </p>

    <p class='ocr_par' dir='ltr' id='par_1_25' title="bbox 372 3717 1354 3799">
     <span class='ocr_line' id='line_1_39' title="bbox 372 3717 1354 3799; baseline 0.002 -21"><span class='ocrx_word' id='word_1_261' title='bbox 372 3718 428 3793; x_wconf 83' lang='lat' dir='ltr'><strong>Qui</strong></span> <span class='ocrx_word' id='word_1_262' title='bbox 448 3717 706 3781; x_wconf 84' lang='lat' dir='ltr'><strong>Lacedaemonium</strong></span> <span class='ocrx_word' id='word_1_263' title='bbox 729 3723 882 3799; x_wconf 72' lang='lat' dir='ltr'><strong>pytismate</strong></span> <span class='ocrx_word' id='word_1_264' title='bbox 903 3718 1028 3780; x_wconf 90' lang='lat' dir='ltr'><strong>lubricat</strong></span> <span class='ocrx_word' id='word_1_265' title='bbox 1054 3717 1167 3786; x_wconf 89' lang='lat' dir='ltr'><strong>orbem;</strong></span> <span class='ocrx_word' id='word_1_266' title='bbox 1304 3727 1354 3782; x_wconf 85' lang='grc'><strong>115</strong></span> 
     </span>
    </p>
   </div>
   <div class='ocr_carea' id='block_1_6' title="bbox 0 0 1638 4409">
    <p class='ocr_par' dir='ltr' id='par_1_26' title="bbox 0 0 1638 4409">
     <span class='ocr_line' id='line_1_40' title="bbox 0 0 1638 4409; baseline 0 0"><span class='ocrx_word' id='word_1_267' title='bbox 0 0 1638 4409; x_wconf 95' lang='lat' dir='ltr'><strong> </strong></span> 
     </span>
    </p>
   </div>
  </div>
 </body>
</html>
