3267 4409
494 472 835 534 EPIGRAMMATON
849 474 920 536 tiu.
937 475 1002 539 VII.
1211 479 1273 545 149

699 625 803 688 XCIII.
899 620 902 625 ’
1002 624 1007 633 ’

315 728 394 792 Tam
408 722 488 786 male
504 725 600 785 Thais
616 722 696 802 olet,
720 746 809 805 quam
822 745 885 785 non
899 723 1029 788 fullonis
1043 731 1125 790 avari

358 811 456 870 'l'esta
469 815 573 887 vetus,
596 809 695 869 media
714 810 771 869 sed
785 809 875 873 modu
890 811 989 872 fracta
1002 814 1066 891 via,

313 896 383 957 Nou
399 896 436 954 ab
453 913 556 954 amore
573 913 684 954 recens
697 895 819 972 hircus,
841 915 902 954 nun
918 896 1103 976 araleonis,

356 979 426 1039 Non
443 977 582 1039 detracta
597 981 664 1038 cani
680 980 901 1054 transtiberina
915 983 1011 1055 cutis;

293 1060 427 1126 5PuIlus
443 1065 581 1123 abortivo
597 1082 655 1122 uec
668 1083 735 1123 cum
749 1065 903 1143 putrescit
917 1064 950 1122 iu
966 1084 1037 1143 ovo,

356 1148 513 1227 Amphora
528 1154 674 1227 corrupto
691 1165 748 1207 nec
763 1148 869 1207 vitiata
886 1166 967 1225 garo.

314 1233 409 1295 Virus
421 1236 455 1290 ut
470 1232 529 1290 huc
545 1231 603 1290 aliu
619 1230 713 1290 fallax
727 1238 884 1310 permutet
899 1231 1010 1311 odore,

275 1353 280 1358 -
358 1316 507 1395 Deposita
521 1317 664 1393 quotiens
681 1312 792 1399 baluea
806 1321 893 1375 veste
907 1317 1002 1396 petit:

314 1399 474 1460 Psilothro
488 1401 567 1458 viret
582 1405 634 1459 aut
648 1399 734 1458 acida
749 1398 828 1459 latet
844 1399 940 1460 oblita
954 1407 1056 1476 creta,

272 1495 307 1545 10
355 1484 418 1544 Aut
432 1485 548 1562 tegitur
563 1485 669 1562 pingui
685 1489 796 1562 terque
811 1490 981 1562 quaterque
997 1486 1075 1545 faba.
1149 1524 1155 1532 -

315 1569 391 1629 Cum
408 1569 488 1628 benc
503 1586 537 1626 se
553 1574 649 1627 tutam
662 1586 720 1648 per
735 1566 860 1627 fraudes
875 1567 962 1628 mille
976 1571 1110 1650 putavit,

317 1649 319 1652 ’
359 1652 468 1712 Omnia
483 1672 550 1710 cum
564 1652 657 1730 fecit,
681 1651 801 1711 Thaida
816 1653 912 1713 Thais
928 1650 1002 1713 olet.

698 1786 805 1848 XCIV.
841 1804 843 1809 ·

313 1884 474 1944 Ponuntur
487 1903 610 1964 semper
625 1883 831 1964 chrysendeta
844 1883 1024 1965 Galpctiano

357 1967 427 2028 Sive
442 1970 537 2046 foris,
560 1987 697 2028 seucum
713 1973 803 2027 cenat
815 1969 848 2027 in
865 1970 943 2027 urbe
961 1967 1051 2030 dumi

315 2052 368 2112 Sic
383 2054 474 2112 etiam
489 2056 521 2113 in
537 2052 657 2114 stabulo
673 2070 811 2131 semper,
834 2053 878 2111 sic
896 2059 986 2112 cenat
1000 2055 1030 2112 in
1048 2071 1131 2132 agro.

357 2137 426 2196 Nun
440 2139 534 2198 habet
549 2157 623 2216 crgo
639 2135 745 2196 aliud?
773 2134 843 2195 Nun
857 2137 951 2195 habet
965 2138 1055 2197 immo
1072 2156 1168 2200 suum.

657 2343 842 2353 —-—-

523 2505 568 2576 M.
598 2505 701 2577 vau
726 2502 981 2578 ursimus

402 2653 1066 2782 'hilthtithhtth

623 2861 785 2922 mauu
812 2861 878 2923 vn.
980 2837 982 2841 ’

688 3045 842 3104 .Ι,,’

313 3158 428 3238 Accipe
443 3154 616 3238 belligerae
632 3157 757 3218 crudum
772 3158 899 3216 thoraca
913 3157 1091 3236 Minervae,

357 3243 426 3324 Ipsa
440 3243 628 3303 Medusaeae
645 3262 736 3322 quem
750 3243 840 3302 timet
853 3242 900 3300 ira
915 3260 1028 3302 comae.

314 3328 391 3387 Dum
405 3333 509 3405 vacat,
528 3329 621 3423 haec,
643 3328 773 3403 Caesar,
792 3326 913 3407 'poterit
927 3324 1025 3387 lorica
1038 3325 1156 3385 vecari:

355 3413 489 3472 Pectore
504 3431 571 3471 cum
586 3431 674 3471 sacro
689 3411 824 3490 sederit,
846 3411 929 3489 aegis
945 3411 1015 3475 erit.

732 3514 783 3606 u*

313 3646 396 3706 Invia
414 3643 589 3704 Sarmaticis
605 3642 721 3705 domiui
733 3643 833 3705 lorica
849 3645 968 3723 sagittis

357 3729 399 3790 Et
414 3729 525 3790 Martis
541 3729 651 3821 Getico
666 3735 792 3808 tergere
808 3727 870 3789 fida
883 3729 998 3811 magis,
