3267 4409
326 546 390 615 130
507 584 514 591 -
648 540 1042 627 nummulariorum
1081 535 1085 541 ·

389 703 454 765 ant
469 719 558 780 quam
571 718 633 765 non
647 699 792 777 tetricus,
816 717 906 781 quam
920 695 1004 758 nulla
1017 695 1142 761 nubilus
1156 700 1219 779 ira,

454 786 550 861 Quam
563 782 687 864 placido
702 788 825 842 nostras
840 782 961 861 legerat
976 801 1031 842 ore
1044 784 1172 863 preces!

412 869 499 931 'Iulis
515 867 704 948 supplicibus
719 868 829 926 tribuit
844 865 1017 927 diademata
1033 867 1125 929 Dacis

451 954 493 1014 Et
507 950 697 1032 Capitolinas
713 953 800 1030 itque
814 951 960 1031 reditque
973 951 1046 1013 vias.

409 1039 467 1098 Dic
480 1056 608 1119 precor,
628 1055 646 1095 o
661 1036 761 1095 nostri
777 1034 827 1095 dle
844 1036 966 1095 conscia
980 1035 1067 1113 virgo
1082 1033 1252 1115 Tonantis,

370 1134 405 1187 10
454 1123 488 1182 Si
501 1127 592 1200 negat
606 1123 665 1180 boo
678 1118 780 1198 voltu,
800 1139 860 1198 quo
876 1119 956 1180 solet
971 1117 1161 1197 ergodare?

412 1207 463 1268 Sic
478 1226 551 1285 ego:
573 1207 617 1266 sio
629 1205 768 1264 breviter
783 1205 884 1284 posita
903 1204 979 1263 mibi
994 1203 1141 1282 Gorgone
1154 1200 1271 1264 Pallas:

452 1292 559 1370 „Quae
573 1288 709 1349 nondum
725 1288 795 1349 data
810 1295 897 1368 aunt,
919 1288 1030 1395 stultp,
1051 1293 1163 1367 negata
1176 1288 1286 1370 putas?

823 1430 866 1490 XI

413 1540 502 1620 Quod
515 1563 577 1604 non
592 1544 633 1603 ait
646 1541 780 1622 Pylades
793 1543 854 1602 hoo
866 1547 1024 1622 tempore,
1044 1561 1107 1602 non
1122 1543 1163 1603 alt
1177 1542 1286 1605 Oreste

455 1628 604 1689 Miraris?
631 1626 780 1706 Pylades,
799 1626 925 1704 Marce,
947 1627 1074 1687 bibebat
1086 1624 1188 1707 idem,

411 1712 478 1776 Nee
492 1711 603 1771 melior
616 1711 704 1790 panis
719 1709 867 1770 turdusve
881 1710 1010 1770 dabatur
1026 1710 1174 1790 Orestae,

455 1795 518 1855 Sed
531 1816 588 1875 par
604 1802 696 1873 atque
711 1794 819 1854 eadem
834 1813 910 1854 cena
925 1793 1043 1854 duobus
1057 1799 1134 1856 erat.

391 1879 465 1943 §Tu
480 1880 614 1939 LucrIna
628 1899 733 1956 voras,
752 1898 802 1939 me
816 1880 915 1959 pascit
929 1898 1043 1957 aquosa
1056 1877 1197 1940 Pelorisz

454 1965 523 2025 Non
537 1965 636 2023 minus
651 1964 784 2041 ingenua
799 1974 848 2024 est
863 1964 1000 2041 etmihi,
1023 1963 1148 2043 Marce,
1169 1962 1248 2044 gula.

414 2049 462 2111 Te
477 2048 611 2109 Cadmea
629 2048 747 2127 Tyros,
767 2067 817 2108 me
830 2049 952 2127 pinguis
968 2046 1071 2108 Gallia
1084 2049 1194 2109 vestit:
1265 2094 1269 2103 .

454 2134 510 2196 Vis
523 2140 555 2193 te
569 2150 774 2213 purpureum,
795 2134 920 2210 Marce,
943 2138 1063 2211 sagatus
1078 2133 1198 2193 amem?

412 2219 456 2280 Ut
467 2225 622 2297 praestem
637 2215 793 2296 Pyladen,
815 2206 926 2296 aliquis
942 2218 1016 2277 mibi
1030 2223 1171 2297 praestet
1186 2216 1286 2280 Oresta

371 2313 407 2366 10
453 2303 522 2362 Hoo
535 2322 597 2362 non
611 2304 647 2363 fit
659 2303 778 2381 verbis,
800 2301 924 2363 Marce:
945 2302 1122 2382 otomatis,
1141 2322 1214 2363 ama.

817 2435 882 2498 XII.

413 2549 497 2609 Iurat
511 2547 638 2630 capillos
657 2568 743 2629 esse,
766 2570 842 2630 quos
858 2549 948 2628 emit,
970 2506 1041 2609 suos

412 2632 557 2696 Fabulla:
579 2635 743 2715 numquid,
764 2633 912 2715 †Paule‚
932 2632 1075 2716 peierati

809 2769 889 2833 XIII.

414 2879 488 2957 Quis
504 2884 536 2939 te
550 2878 697 2940 Phidiaco
712 2882 889 2960 formatam,
910 2880 1003 2959 Iulia5
1026 2878 1129 2958 eaelo,

455 2961 516 3026 Vel
532 2966 599 3041 quis
614 2962 773 3026 Palladiae
787 2986 850 3026 non
864 2972 954 3046 putet
968 2966 1044 3025 artis
1058 2964 1159 3044 opus?

414 3047 553 3110 Candida
566 3067 629 3108 non
644 3051 737 3109 tacita
750 3051 921 3131 respondet
936 3050 1069 3128 imagine
1082 3047 1195 3128 lygdos

455 3133 497 3193 Et
509 3132 631 3212 placido
647 3132 748 3212 fulget
761 3137 846 3195 vivus
861 3136 893 3195 in
908 3154 962 3195 ore
977 3133 1090 3212 liquor.

391 3216 508 3279 5Ludit
521 3215 677 3294 Acidalio,
700 3218 833 3280 sednon
850 3239 955 3279 manus
971 3236 1095 3297 aspera,
1116 3215 1216 3296 nodo,

456 3303 554 3376 Quem
569 3303 671 3381 rapuit
685 3302 783 3382 collo,
806 3322 900 3383 parve
916 3302 1053 3382 Cupido,
1075 3308 1140 3365 tuo.

414 3386 457 3445 Ut
471 3386 583 3445 Martis
596 3393 760 3447 revocetur
775 3407 860 3447 amor
874 3388 1045 3464 summique
1061 3385 1228 3464 Tonanti8‚

454 3469 528 3528 Ate
545 3470 618 3530 Iuno
633 3476 721 3550 petat
735 3477 847 3530 ceston·
858 3476 890 3530 et
904 3471 971 3551 ipsa
986 3470 1102 3533 Venus.

804 3603 884 3668 XIV.

409 3712 527 3775 Versus
542 3717 681 3778 scribere
695 3736 787 3799 posse
802 3723 835 3778 te
852 3717 987 3779 disertos

409 3797 572 3880 Affirmas‚
593 3801 722 3862 Laberi:
744 3802 819 3883 quiri
832 3821 907 3882 ergo
922 3823 984 3863 non
1004 3804 1071 3865 vis?
1094 3862 1097 3867 ,

766 4126 858 4142 -μ
