3267 4409
521 444 861 514 urruaammaaoo
874 447 948 510 um.
967 447 1006 513 v,
1178 430 1183 446 ¹
1223 448 1284 514 117

360 601 420 679 Quid
431 622 494 666 esse
508 609 616 664 nostro
632 603 743 672 fortius
757 606 862 682 potest
875 568 995 663 Paeto‘l

359 687 519 751 ducentiens
533 689 671 769 accepit,
692 692 725 747 et
739 693 843 747 tamen
856 689 939 749 siclt.

623 844 629 849 ·
701 820 866 883 XXXVIII.

357 933 525 1001 Calliodorus
534 939 630 999 habet
642 956 766 998 censum
780 974 816 982 —
831 940 898 1016 quis
909 938 1033 999 nescit?
1047 945 1283 1020 -equestrem,

384 1022 483 1102 Sexte‘,
503 1022 561 1083 sed
575 1029 608 1083 et
621 1023 752 1082 fratrem
765 1022 960 1082 Calliodorus
975 1025 1077 1085 habet.

354 1105 562 1186 Quadringenta
577 1113 679 1183 secat,
702 1109 753 1185 qui
770 1106 846 1166 dicit
861 1109 946 1166 uduo
959 1103 1081 1186 μέριζεε

381 1193 441 1252 Uno
456 1191 560 1269 credis
576 1210 655 1268 equo
670 1210 762 1270 posse
777 1191 889 1251 sedere
905 1191 1003 1251 duos?

300 1294 302 1301 ·
338 1274 415 1351 aquid
429 1296 497 1336 cum
513 1277 612 1335 fratre
627 1277 701 1352 tibi,
724 1275 797 1354 quid
816 1297 883 1335 cum
899 1275 1026 1336 Polluce
1040 1272 1194 1336 molesto?

378 1361 438 1420 Non
454 1365 539 1420 esset
551 1358 662 1419 Pollux
676 1358 703 1417 si
718 1361 790 1436 tihi,
814 1360 924 1419 Castor
942 1379 1019 1419 eras.

349 1442 416 1504 Unus
430 1464 498 1504 cum
514 1438 598 1521 sitis,
621 1443 697 1518 duo,
720 1442 916 1521 Calliodore,
939 1443 1065 1504 sedetis.

377 1528 485 1607 Surge:
507 1521 738 1605 σολοικισμὸν,
762 1527 953 1604 CaIIIodore,
975 1527 1060 1586 facis.

346 1611 395 1672 dut
406 1614 528 1672 Imitare
543 1631 639 1690 genus
652 1611 807 1671 Ledac-
819 1631 886 1671 cum
901 1613 999 1672 fratre
1015 1611 1126 1671 sedere

320 1700 342 1755 lt
374 1695 763 1778 Nonpotes-:alternis,
783 1695 978 1776 Calliodore,
1001 1695 1084 1757 sede.

692 1828 830 1907 xxxm

344 1940 495 2024 Supremas
511 1943 569 2002 tibi
582 1943 710 2015 triciens
726 1943 759 2001 in
773 1961 852 2001 auno

344 2025 471 2106 Signanti
484 2024 622 2104 tabulas,
645 2027 797 2104 Charine,
819 2026 889 2085 misi

344 2109 481 2190 Hyblaeis
496 2109 633 2169 madidas
648 2111 763 2188 thymis
778 2110 947 2189 placentas.

344 2193 456 2256 halect:
478 2196 630 2255 miserere
645 2195 720 2271 iam,
743 2194 889 2256 Charine.

331 2277 427 2358 asigna
440 2279 558 2357 rarius,
580 2282 632 2337 aut
646 2274 742 2337 semel
757 2277 807 2336 iac
821 2274 918 2352 illud,

346 2361 486 2424 Mentitur·
499 2369 553 2423 tua
568 2360 651 2440 quod
665 2360 795 2421 subinde
811 2361 914 2422 tussis.

347 2443 460 2507 llxcussi
476 2440 659 2521 loculosque
673 2444 897 2529 saeculumque.

350 2527 450 2591 Graeco
466 2530 591 2591 divitior
604 2528 681 2589 licet
694 2530 840 2604 fuissem,

350 2609 388 2672 lru
400 2615 563 2695 pauperior
576 2614 692 2692 forem,
715 2614 867 2691 CharIne,

297 2770 298 2775 ἵ
325 2693 377 2754 ltSi
389 2700 529 2759 conchem
543 2700 659 2758 totiens
674 2716 772 2757 meam
788 2713 953 2757 comesses.

738 2837 804 2902 XL.

297 2968 298 3017 j
357 2943 467 3012 Pinxisti
479 2951 655 3029 Venerem,
678 2948 771 3027 colis,
792 2947 1008 3028 Artemidoro,
1030 2942 1218 3011 Minervam:

297 3060 298 3107 1
386 3031 419 3094 at
431 3036 568 3114 miraris,
588 3053 671 3115 opus
681 3032 876 3114 displicuisse
891 3034 999 3095 tuum?

537 3214 541 3219 .
588 3218 594 3227 ,
659 3222 669 3228 ,
718 3167 807 3228 *XLI

297 3314 301 3321 ·
359 3271 477 3355 Spadone
495 3302 563 3343 cum
578 3283 620 3343 sis
638 3283 785 3343 eviratior
799 3284 896 3356 fluxo,

359 3355 389 3418 Et
399 3368 559 3428 concubino
574 3364 698 3427 mollior
713 3366 904 3445 Celaenaeo,

359 3439 436 3516 Quem
448 3456 550 3511 sectus
564 3449 663 3510 ululat
677 3453 783 3511 matris
799 3451 931 3510 entheae
947 3446 1070 3529 Gallus,

319 3577 322 3585 .
361 3522 474 3594 Theatra
487 3534 626 3613 loqueris
642 3539 675 3594 et
689 3533 801 3611 gradus
819 3541 852 3593 et
867 3533 986 3610 edicta,

346 3605 538 3697 timaeoque
553 3624 587 3677 et
600 3616 672 3677 Idus
687 3618 859 3696 fibulasque
875 3634 1063 3694 censusque,

303 3778 306 3791 ἱ
359 3688 390 3753 Εἴ
399 3703 541 3778 pumicata
554 3720 708 3783 pauperes
722 3721 812 3761 manu
827 3706 987 3761 monstras.
