3267 4409
669 451 794 503 suumn
814 454 893 505 xm.
1240 445 1280 508 89

296 594 450 659 Occultum
473 592 620 673 quatiente
643 594 737 654 animo
759 603 872 656 tortore
895 592 1066 673 dageiium?
1230 609 1281 665 195

295 681 395 742 Poena
416 686 511 739 autem
533 677 690 738 vehemens
712 698 746 739 ac
773 679 863 739 muito
886 682 1002 739 saevior
1026 680 1096 757 iilis,

296 762 378 839 Quas
401 770 430 823 et
450 759 602 823 Caedicius
626 764 723 840 gravis
748 764 857 823 invenit
879 772 908 824 ct
928 762 1171 841 Rhadamanthus,
1315 764 1337 795 ²

295 845 393 910 Nocte
416 847 523 925 dicque
545 864 625 906 suum
646 856 764 923 gestare
785 849 812 906 in
834 856 956 926 pectore
972 858 1092 910 testem.

296 932 443 1011 somaro
465 931 577 991 cuidam
602 931 754 1008 respondit
774 930 875 1007 Pythia
896 941 989 1008 vates,

278 1014 379 1077 'iiaud
401 1016 566 1095 impunitum
589 1014 731 1094 quondam
749 1014 830 1092 iore,
854 1016 931 1094 quod
953 1015 1098 1095 dubitaret
1228 1029 1281 1085 200

295 1099 469 1179 Depositum
491 1100 619 1158 retinere
642 1107 673 1158 et
693 1100 823 1159 iraudem
845 1102 908 1160 iure
932 1103 1007 1160 tucri

294 1182 435 1253 iurandm
457 1180 616 1261 quaerebat
639 1183 729 1255 enim,
754 1201 829 1261 quae
851 1185 971 1244 numinis
994 1193 1076 1245 esset

294 1266 398 1344 Heus,
422 1275 452 1327 et
473 1284 508 1326 un
528 1266 585 1326 boc
606 1266 649 1326 ilii
672 1266 783 1327 iacimus
805 1269 941 1328 suaderet
963 1266 1096 1348 Apoiio‘i

295 1350 434 1415 Reddidit
456 1367 528 1429 ergo
550 1359 642 1426 metu,
671 1367 728 1411 non
751 1352 891 1420 moribus:
915 1360 945 1412 et
965 1361 1061 1413 tamen
1082 1369 1196 1414 omnem

294 1434 409 1495 Vocem
430 1436 508 1510 adyti
530 1435 643 1511 dignam
665 1436 775 1513 templo
797 1442 955 1515 veramque
977 1436 1123 1516 probarit,
1228 1450 1279 1503 205

264 1554 266 1559 ·
294 1516 464 1581 Exstinctus
488 1527 546 1578 tota
571 1521 680 1597 pariter
697 1538 759 1579 cum
783 1520 868 1599 prole
890 1521 1056 1604 domoque·

293 1601 334 1664 Et
357 1604 487 1683 quamvis
510 1603 596 1679 longa
618 1603 751 1664 deductis
775 1613 865 1681 gente
888 1606 1069 1685 propinquis.

293 1686 355 1753 iias
374 1687 479 1765 patitur
502 1702 613 1766 poenas
637 1688 779 1765 peccandi
802 1688 868 1749 sola
890 1689 1042 1759 voluntas:

294 1769 368 1831 Nam
391 1771 488 1830 aceias
511 1773 584 1830 iutra
605 1786 640 1830 se
666 1773 780 1831 tacitum
804 1774 853 1850 qui
874 1776 984 1850 cogitat
1007 1775 1105 1851 ulium,

292 1851 378 1916 Facti
400 1855 507 1914 crimen
529 1854 633 1914 babet:
661 1855 752 1931 cedo,
776 1857 800 1914 si
825 1867 927 1917 conata
950 1858 1080 1935 peregit!
1228 1870 1280 1923 210

292 1937 440 2017 Perpetua
459 1939 590 1999 anxietas
612 1956 666 1998 nac
689 1957 806 1999 mensae
827 1949 960 2017 tempore
981 1950 1089 2018 cessat,

292 2020 441 2084 Faucibus
463 2031 493 2081 ut
513 2022 615 2082 morbo
637 2024 724 2083 siccis
749 2025 880 2102 interque
904 2023 1032 2084 molares

292 2104 415 2167 Difficili
438 2115 590 2165 crescente
613 2107 693 2173 cibo:
717 2108 816 2166 Setina
838 2107 968 2167 misellus

292 2188 435 2267 Exstruit,
458 2189 565 2249 Albani
588 2192 697 2250 veteris
718 2193 847 2268 pretiosa
870 2201 1006 2252 senectus

292 2271 454 2351 Displicct;
477 2274 613 2334 ostendas
636 2273 756 2350 melius,
778 2275 947 2335 densissima
969 2294 1040 2353 ruga
1226 2288 1278 2340 215

294 2354 419 2435 Cogitur
440 2359 468 2416 in
488 2357 628 2432 frontem,
651 2358 732 2417 reiut
754 2361 814 2418 acri
837 2359 922 2419 ducta
943 2358 1077 2420 Falerno.

292 2439 390 2501 Nocte
412 2439 531 2501 breuem
553 2443 577 2501 si
600 2441 675 2501 forte
697 2442 814 2503 indulsit
839 2460 908 2503 cura
931 2461 1070 2522 soporem

292 2524 333 2586 Et
356 2531 419 2584 toto
440 2534 556 2585 versata
578 2533 643 2585 toro
665 2527 719 2584 iam
744 2526 871 2586 membra
895 2529 1058 2607 quiescunt,
1115 2546 1123 2555 ‘

294 2605 440 2669 Continuo
462 2610 598 2688 templum
620 2618 650 2668 et
670 2610 770 2669 violati
792 2613 914 2672 numinis
936 2631 1001 2673 aras

292 2690 349 2769 Et,
377 2693 454 2770 quod
476 2694 642 2772 praecipuis
668 2703 793 2754 mentem
813 2696 968 2756 sudoribus
988 2707 1083 2775 urget,
1228 2711 1281 2762 220

293 2774 339 2838 'i'c
362 2776 444 2837 videt
467 2779 495 2837 in
518 2778 639 2845 somnis;
664 2787 711 2837 tua
733 2796 817 2839 sacra
842 2787 872 2838 et
893 2783 985 2840 maior
1006 2783 1102 2860 imago

292 2860 422 2922 Humana
444 2862 540 2923 turbat
561 2862 694 2940 pavidum
717 2865 855 2942 cogitque
877 2863 972 2923 fateri.

292 2944 330 3007 111·
352 2953 434 3021 sunt,
459 2947 508 3023 qui
530 2945 675 3023 trepidant
695 2956 724 3006 ot
744 2948 780 3007 ad
802 2949 896 3008 omnia
915 2947 1028 3025 fulgura
1052 2948 1173 3027 pallent,

293 3029 389 3104 Quum
412 3038 506 3105 tonat,
532 3031 680 3089 exanimes
705 3034 797 3110 primo
820 3048 935 3110 quoque
955 3050 1098 3092 murmure
1121 3034 1215 3102 coeli;

292 3112 360 3173 Non
382 3115 465 3192 quasi
491 3114 625 3174 fortuitus
646 3132 701 3175 nec
724 3125 875 3176 ventorum
896 3115 994 3193 rabie,
1021 3116 1074 3177 scd
1226 3129 1277 3181 225

291 3195 386 3258 Iratus
409 3197 494 3257 cadat
516 3199 543 3256 in
567 3207 662 3258 terras
684 3207 713 3258 et
734 3200 843 3260 iudicet
865 3201 950 3276 ignis.
1026 3244 1029 3249 -
1220 3218 1223 3223 ·

290 3279 346 3343 tttn
370 3279 442 3355 nituit
461 3283 574 3342 nocuit:
598 3302 665 3344 cura
689 3286 826 3360 graviore
850 3285 965 3343 timetur

290 3364 428 3425 Proxima
450 3374 635 3443 tempestas‚·
650 3369 731 3427 velut
752 3367 810 3428 hoc
831 3367 917 3427 dilata
941 3384 1058 3428 sereno.
1169 3418 1175 3435 .

290 3446 451 3511 Praeterea
475 3450 574 3510 lateris
598 3452 679 3529 vigili
703 3460 769 3512 cum
789 3451 874 3512 febre
897 3451 1029 3513 dolorem

290 3530 323 3593 Si
347 3548 476 3610 coepere
499 3536 575 3613 pati,
599 3538 716 3595 missum
738 3535 774 3596 ud
795 3554 848 3597 sua
870 3552 996 3614 corpora
1015 3537 1145 3597 morbum
1224 3545 1279 3600 230

289 3614 404 3677 infesto
426 3618 547 3678 credunt
569 3638 585 3680 a
608 3622 737 3688 numine:
762 3638 831 3681 saxa
853 3621 971 3682 deorum
996 3695 1000 3703 Ι

288 3699 374 3763 Haec
396 3709 426 3761 ct
446 3702 506 3762 tela
528 3712 637 3782 putant.
670 3704 816 3767 Pecudem
837 3703 982 3785 spondere
1004 3703 1117 3766 sacello
1159 3708 1176 3739 *³
