3267 4409
392 499 395 507 .
499 454 841 518 EPIGRAMMATON
854 455 928 520 Lm.
943 457 996 522 tx.
1208 461 1272 525 22³

317 607 406 670 Nunc
418 607 496 668 mihi
510 607 577 688 dic,
600 610 667 687 quir
682 609 759 686 crit,
781 609 831 668 cui
845 614 895 686 te,
918 607 1091 694 Galociaae,
1114 612 1243 677 deorum

360 693 422 754 Sex
434 694 527 753 iubeo
542 695 670 772 cyathos
685 692 843 752 funderet
870 695 983 754 Cacsar
998 697 1070 760 erit.

297 775 430 838 asardis
445 783 569 857 aptetur
584 776 710 838 deciens
724 796 796 836 rosa
811 778 963 857 crinibus,
984 787 1023 840 ut.
1033 780 1074 841 rit
1116 810 1120 819 =

359 862 420 938 Qui
432 863 536 941 posuit
550 879 655 921 sacrae
670 861 776 922 nobile
790 863 892 940 gentio
907 882 992 942 opus.
1093 937 1101 945 .

317 946 405 1007 Nunc
419 946 467 1005 bia
483 946 573 1024 quino
588 947 663 1005 mihi
678 944 717 1004 da
730 947 832 1023 basia,
850 947 904 1006 liat
917 954 952 1007 ut
965 946 1044 1007 illud

359 1029 495 1109 Nomen,
517 1030 553 1089 ab
573 1028 706 1109 Odrysio
722 1028 804 1107 quod
819 1029 896 1090 deus
911 1033 987 1092 orbe
1002 1031 1082 1094 tulit.

699 1163 806 1227 XCIV.

316 1276 485 1341 SardonIca
497 1279 649 1341 modicata
664 1279 752 1342 dedit
764 1281 840 1341 mihi
853 1279 964 1362 pocula
977 1283 1078 1363 virga:

359 1365 401 1424 0·
416 1365 562 1425 hominis!
584 1364 716 1426 mulsum
729 1384 778 1426 me
793 1373 882 1445 rogat
896 1367 1111 1447 Hippocrates.

291 1448 293 1452 ’
316 1449 394 1509 Tam
409 1449 549 1528 stupidus
565 1469 718 1528 nunquam
733 1468 792 1509 nec
806 1455 856 1528 tu,
877 1459 967 1529 puto,
989 1450 1124 1533 Glauce,
1145 1451 1248 1533 fuisti,

358 1531 494 1594 Chalcea
508 1532 634 1594 donanti
650 1535 772 1614 chryaia
787 1535 840 1614 qui
854 1532 996 1597 dederas.

292 1617 414 1688 5Dulce
430 1615 541 1697 ailquia
554 1638 663 1678 munus
676 1638 734 1700 pro
749 1635 877 1679 munere
891 1620 993 1699 poncii
1007 1621 1133 1682 amaro?

357 1703 514 1782 Accipiat,
535 1701 592 1763 scd
607 1705 634 1764 ai
647 1709 735 1784 potat
748 1703 781 1763 iu
796 1700 946 1766 elleboro.

701 1837 796 1901 XCV.

314 1947 448 2029 Alphiur
463 1955 534 2011 ante
548 1950 623 2028 fuit,
645 1953 749 2032 coepit
762 1972 844 2012 nnnc
859 1950 989 2032 Olphiua
1002 1970 1090 2027 ροσε,

356 2035 491 2096 Uxorem
504 2041 666 2116 postquam
680 2035 767 2117 duxit
780 2037 1002 2115 Athenagoran.

688 2171 809 2236 XCVI».

292 2357 294 2361 y
311 2282 432 2343 Nomen
446 2282 663 2360 Athenagorae
678 2284 816 2362 quaeris,
839 2281 1034 2352 Callistrate,
1053 2280 1183 2342 verum?

355 2365 389 2426 Si
403 2366 484 2443 acio,
506 2366 695 2446 dispeream,
711 2368 779 2446 qui·
793 2368 835 2427 rit
849 2369 1071 2448 Athenagoras.
1117 2384 1123 2394 ·

270 2450 357 2512 aSed
370 2455 446 2530 puta
459 2469 508 2510 me
523 2469 644 2531 verum,
665 2451 859 2530 Callistrate,
881 2453 987 2512 dicere
1001 2458 1128 2512 nomeu:

353 2535 423 2596 Non
436 2551 510 2614 ego,
532 2533 588 2594 aed
604 2541 709 2597 vester
722 2543 833 2617 peccat
847 2537 1068 2617 Athenagoran.

693 2687 799 2750 XCVI.

312 2799 452 2862 clinicus
466 2800 610 2862 Herodes
625 2798 750 2861 trullam
764 2797 952 2860 subduxerat
965 2817 1074 2879 aegro:
1221 2845 1226 2854 ,

351 2885 531 2965 Deprensus
547 2885 625 2947 dixit
637 2883 777 2964 ‚,Stulte,
800 2883 875 2964 quid
889 2902 964 2964 ergo
976 2882 1102 2945 bibiai“

689 3018 811 3081 XCVII.

308 3133 472 3214 Rumpitur
486 3132 600 3193 iuvidia
613 3132 751 3212 quidam,
773 3133 930 3193 coriarimc
945 3133 1020 3214 Iuli,

352 3216 442 3294 Quod
455 3236 505 3277 me
519 3218 616 3277 Roma
627 3216 723 3296 legit,
743 3217 896 3296 rumpitur
909 3217 1033 3279 Invidia.

267 3367 277 3374 ¹,
309 3301 473 3382 Rumpitur
486 3301 618 3379 Invidia,
639 3300 723 3381 quod
736 3303 827 3362 turba
842 3320 965 3382 semper
978 3302 1011 3361 In
1026 3302 1108 3385 omni

351 3387 562 3446 Monstramur
577 3385 691 3464 digito,
711 3387 865 3466 rumpitur
879 3384 1002 3449 invidia.

291 3469 477 3552 5Rumpitur
491 3468 620 3544 invidia,
641 3465 751 3530 tribuit
767 3469 850 3549 quod
863 3471 977 3531 Gaeaar
992 3477 1124 3548 uterque
1186 3465 1190 3475 '

349 3555 399 3614 lua
413 3555 489 3614 milri
504 3561 661 3631 natorum,
682 3556 836 3634 rumpitur
848 3554 971 3616 invidia

308 3638 472 3719 Rumpitur
486 3637 618 3715 invidia,
640 3637 723 3715 quod
737 3657 790 3698 rua
802 3638 878 3698 milri
893 3637 983 3699 dulce
998 3638 1054 3699 ruit
1068 3638 1146 3699 urbe
1164 3644 1213 3699 eat

348 3724 508 3803 Parvaque
523 3724 556 3783 in
571 3723 648 3784 urire
663 3721 786 3800 domur,
807 3724 961 3806 rumpitur
973 3721 1102 3788 mutto.
