3267 4409
325 549 387 614 152
493 604 499 611 .
598 510 689 611 'nc
704 545 796 611 vlu.
811 542 1039 608 minumum
1137 606 1138 611 Ν
1262 608 1266 615 ,

407 700 493 762 Uxor
507 699 635 760 moecha
647 699 707 758 tibi
723 702 787 757 eat:
808 697 869 756 boc
884 695 923 756 ad
935 701 969 756 te
983 697 1136 776 pertinet,
1157 693 1227 758 ole.
1290 720 1296 727 ·

451 786 557 845 Poscit
575 785 634 843 iam
651 781 755 842 dotem
769 780 836 840 lilia
850 779 988 858 grandis:
1010 786 1043 840 et
1056 781 1125 840 hoc.

366 866 734 946 15Dioercquindeciens
748 872 904 945 poteram,
926 863 1009 944 quod
1023 866 1161 945 pertinet
1174 864 1214 925 ad
1227 871 1277 927 ter

452 952 514 1012 Sed
530 950 604 1030 quid
618 969 704 1040 agas,
726 949 764 1010 ad
778 968 828 1009 mc
841 951 995 1029 pertinet,
1017 947 1095 1029 Ole,
1116 947 1207 1011 nlhll.

816 1082 870 1146 XI.

408 1199 501 1277 Cogis
515 1216 565 1257 me
579 1194 692 1257 calamo
706 1215 859 1276 manuque
873 1201 980 1256 nostra

374 1317 381 1327 ·
406 1281 581 1342 Emendare
596 1299 699 1358 meon,
716 1280 858 1359 Pudens,
876 1279 1013 1341 libellos.

409 1366 436 1427 0
451 1386 538 1444 quam
553 1384 602 1425 me
616 1365 740 1424 nimium
755 1368 868 1444 probas
886 1381 1045 1443 amatque,

409 1451 469 1527 Qui
483 1451 529 1509 vis
544 1450 727 1528 archetypas
741 1449 858 1508 habere
872 1449 985 1527 nugas!

817 1582 881 1642 XII.

411 1694 463 1756 Sic
477 1714 527 1755 me
540 1694 645 1756 fronte
658 1693 744 1775 legat
757 1695 913 1772 dominus,
934 1696 1098 1775 Faustino,
1120 1716 1233 1759 serena

450 1781 651 1859 Excipiatque
667 1799 769 1858 meos,
792 1800 851 1858 qua
866 1778 948 1840 solet
963 1799 1053 1857 aure,
1074 1782 1176 1862 iocos,
1203 1798 1231 1835 ’.
1296 1846 1299 1851 ,

408 1864 452 1924 Ut
467 1882 534 1923 mea
549 1881 607 1922 nec
620 1865 701 1923 iuste
717 1883 793 1942 quos
812 1863 893 1941 odit,
916 1867 1026 1944 pagina
1040 1863 1149 1945 laesit,
1172 1936 1179 1950 ,
1296 1910 1300 1919 .

449 1949 492 2007 Et
505 1948 580 2006 mihi
595 1947 635 2007 de
649 1947 733 2007 nullo
749 1949 829 2006 fama
842 1951 957 2008 rub⁴ore
974 1947 1086 2028 placet.

388 2031 493 2108 bQuid
507 2030 652 2111 prodest,
674 2033 798 2110 cupiant
812 2052 879 2091 cum
895 2032 1017 2111 quidam
1031 2038 1137 2093 nostra
1150 2033 1267 2114 viderl,

452 2115 486 2174 Si
500 2134 559 2194 qua
573 2114 746 2195 Lycambeo
762 2117 909 2194 sauguine
925 2116 991 2176 tela
1004 2116 1152 2177 madenti

407 2200 638 2279 Vipereumque
653 2204 776 2260 vomant
789 2206 896 2260 nostro
912 2202 968 2261 sub
985 2202 1108 2260 nomine
1123 2202 1225 2282 virus,

452 2285 511 2358 Qui
523 2284 642 2343 Phoebi
656 2283 760 2344 radios
772 2285 859 2344 ferre
875 2284 1019 2364 diemque
1034 2286 1173 2363 neganti
1228 2342 1231 2348 ,

409 2366 556 2426 Ludimus
572 2369 712 2428 innocui:
734 2370 794 2428 sois
809 2370 869 2428 hoe
883 2372 979 2429 bene:
1001 2370 1069 2429 iuro
1085 2371 1225 2449 potentio

367 2460 401 2511 10
449 2451 512 2510 Per
526 2453 648 2529 genium
662 2453 774 2512 Famae
792 2451 1019 2532 Castaliumque
1035 2472 1162 2531 gregem

408 2534 532 2611 Perque
548 2542 615 2594 tuas
630 2554 735 2611 aures,
757 2537 857 2614 magni
872 2539 947 2596 mihi
961 2538 1095 2596 numinis
1108 2538 1226 2617 instar,

449 2618 580 2698 Lector,
601 2620 764 2678 inhumana
776 2617 860 2680 liber
875 2623 911 2681 ab
925 2620 1048 2682 invidia.

803 2744 897 2825 xm?

412 2875 491 2934 Dum
507 2842 679 2935 Tiburtinis
694 2849 853 2936 albescere
868 2874 984 2937 solibus
1000 2877 1085 2939 audit

451 2960 580 3037 Antiqui
595 2958 697 3018 dentis
709 2961 795 3019 fusca
809 2959 938 3039 Lycoris
954 2963 1046 3040 ebur,

408 3044 505 3105 Venit
519 3044 551 3102 iu
565 3039 737 3103 Herculeos
752 3042 858 3105 colles.
889 3044 970 3120 Quid
987 3046 1115 3106 Tiburis
1128 3045 1186 3108 alti

449 3129 534 3188 Aura
548 3125 645 3187 valet!
673 3127 772 3187 Parvo
785 3133 928 3207 tempore
944 3131 1032 3208 nigra
1046 3129 1136 3192 redit

803 3262 884 3326 XIV.

408 3373 532 3434 Accidit
550 3372 708 3454 infandum
723 3381 847 3435 nostrae
862 3373 979 3455 scelus,
1000 3375 1097 3457 Aule,
1118 3375 1262 3458 puellae:

451 3458 564 3517 Amiait
577 3457 662 3518 lusus
677 3458 864 3536 deliciasque
879 3479 964 3534 suas3

408 3539 478 3599 Non
493 3539 599 3618 quales
614 3544 715 3601 teneri
729 3542 863 3621 ploravit
880 3546 975 3604 amica
990 3543 1105 3605 catulli

451 3623 579 3698 Lesbia,
598 3627 746 3703 nequitiis
761 3630 896 3704 passeris
912 3631 986 3688 orbo
1001 3630 1062 3705 rui,

390 3705 474 3770 uvel
490 3707 607 3767 Stellae
623 3715 742 3769 cantata
756 3728 825 3769 meo
841 3731 915 3789 quaa
929 3713 1016 3772 flevit
1030 3714 1164 3794 Ianthis,

449 3791 543 3852 Cuius
555 3793 589 3853 iu
601 3792 707 3872 Elysio
721 3793 809 3872 nigra
823 3793 961 3856 columba
974 3796 1064 3860 volat.
