3267 4409
540 455 877 537 aeronamma’ron
891 455 966 520 nn.
982 454 1047 520 vn.

745 659 841 722 XCV.

364 776 475 834 Bruma
490 781 540 833 est
553 780 585 832 et
599 773 681 851 riget
694 771 840 832 horridus
856 773 1044 854 December,

363 857 469 918 Audes
481 865 514 917 tu
529 864 631 916 tamen
647 856 752 916 osculo
767 855 861 916 nivali
945 919 951 935 s

364 943 478 1002 Omnes
494 943 598 1002 obvius
613 941 684 1000 hinc
701 947 734 999 et
747 941 819 1000 binc
833 947 960 1018 tenere,

363 1027 405 1087 Et
419 1034 531 1110 totam,
553 1026 648 1103 Line,
669 1025 789 1084 basiare
804 1025 938 1085 Romam.

341 1109 446 1185 anid
460 1112 559 1190 possis
576 1109 755 1187 graviusque
770 1110 950 1188 saeviusque
1046 1113 1048 1117 ’

362 1195 530 1254 Percussus
544 1194 648 1253 facere
663 1199 755 1270 atque
770 1194 971 1253 verberatus?

364 1279 432 1338 Hoc
447 1296 496 1336 me
513 1279 630 1355 frigore
645 1278 744 1335 basiet
757 1295 816 1335 nec
829 1296 919 1350 uxor,

362 1361 487 1422 Blandis
502 1362 565 1421 fllia
579 1379 637 1421 nec
652 1360 738 1419 rudis
755 1359 886 1420 labellis.

362 1445 425 1505 Sed
443 1452 475 1505 tu
492 1445 610 1508 dulcior
625 1443 876 1522 elegantiorque‚

323 1543 356 1593 10
363 1531 455 1589 Cuius
470 1529 563 1589 livida
578 1530 702 1588 naribus
719 1529 835 1587 caninis

363 1614 525 1694 Dependet
539 1611 653 1692 glacies
668 1614 811 1692 rigetque
826 1612 935 1689 barba,

364 1697 490 1773 Qualem
505 1697 665 1756 forficibus
680 1697 769 1755 metit
783 1697 901 1775 supinis
992 1739 994 1743 «

363 1783 485 1842 Tonsor
498 1781 651 1860 Cinyphio
667 1779 748 1840 Cilix
761 1782 880 1841 marito.

363 1867 493 1926 Centum
508 1882 674 1925 occurrere
688 1863 767 1923 malo
783 1863 983 1943 cunnilingis‚

324 1951 399 2010 rant
414 1949 538 2010 Gallum
552 1951 646 2009 timeo
662 1951 760 2007 minus
775 1954 943 2031 recentem

362 2035 463 2109 Quare
477 2036 503 2093 si
518 2034 575 2093 tibi
593 2052 700 2092 sensus
717 2037 765 2091 est
779 2031 956 2111 pudorque,

361 2119 532 2196 llibernas,
553 2118 648 2194 Line,
670 2118 875 2191 basiationes,

360 2203 392 2261 ln
408 2221 544 2263 mensem
558 2221 633 2280 rogo
650 2201 775 2260 differas
792 2197 939 2278 Aprilem.

760 2334 867 2395 XCVI.

360 2447 510 2509 Conditus
525 2450 575 2508 hic
590 2467 647 2526 ego
663 2468 728 2507 sum
742 2448 828 2507 Bassi
843 2444 950 2526 dolor,
970 2449 1103 2509 Urbicus
1119 2451 1236 2528 infans,
1321 2489 1335 2513 a

403 2532 462 2593 Cui
476 2552 572 2611 genus
587 2541 620 2592 et
636 2551 748 2592 nomen
763 2533 891 2591 maxima
906 2533 1001 2592 Roma
1017 2532 1113 2609 dedit.

361 2615 421 2676 Sex
435 2619 510 2677 mibi
526 2617 565 2677 de
580 2618 678 2697 prima
693 2614 824 2675 deerant
837 2617 1002 2677 trieteride
1016 2636 1154 2696 meuses,

400 2701 563 2781 Ruperunt
576 2703 707 2761 tetricae
724 2721 790 2759 cnm
804 2699 881 2759 mala
896 2719 991 2779 pensa
1006 2700 1091 2764 deae.

339 2784 444 2862 bQuid
460 2787 597 2868 species,
620 2785 694 2863 quid
708 2783 811 2863 lingua
826 2785 918 2862 mihi,
941 2785 1013 2863 quid
1028 2787 1146 2866 profuit
1165 2785 1271 2852 aetas?

400 2869 446 2929 Da
460 2869 600 2929 lacrimas
615 2866 748 2945 tumulo,
772 2869 824 2946 qui
839 2866 918 2946 legis
932 2871 1007 2949 ista,
1029 2889 1107 2930 meo.

360 2953 410 3014 Sic
425 2952 465 3013 ad
480 2953 649 3028 Lethaeas,
672 2955 731 3012 nisi
744 2953 878 3011 Nestore
893 2955 1008 3030 serius,
1028 2953 1122 3013 undas

399 3038 470 3098 Non
487 3047 553 3118 eat,
574 3040 693 3118 optabis
710 3054 799 3115 quem
816 3053 980 3116 superesse
994 3039 1061 3100 tibi.

732 3173 852 3234 XCVlI.

358 3288 446 3347 Nosti
461 3287 487 3345 si
502 3287 582 3345 bene
598 3286 756 3362 Caesium,
778 3283 905 3359 libella,

358 3372 525 3432 Montanae
541 3368 634 3428 decus
649 3370 795 3429 Umbriae
811 3370 972 3446 Sabinum,

358 3454 430 3515 Auli
444 3454 628 3533 municipem
643 3457 702 3513 mei
719 3453 885 3531 Pudentis,

358 3538 406 3599 llli
421 3546 454 3598 tu
471 3538 556 3598 dabis
571 3538 647 3597 haec
663 3537 713 3597 vel
729 3543 886 3617 occupato.

339 3623 479 3683 tlnstent
491 3622 575 3686 mille
589 3621 666 3682 licet
682 3610 885 3703 pre'mantqde
902 3638 1010 3699 curae,
1131 3670 1134 3675 .

358 3706 480 3781 Nostris
494 3707 678 3768 carminibus
693 3715 793 3766 tamen
808 3706 937 3767 vacabit.
