3267 4409
295 566 297 570 ¹
326 486 389 550 ron
654 483 700 548 or.
716 483 809 571 unu.
825 478 1052 546 maurulum

411 640 488 703 Cum
503 644 606 700 tamen
621 639 754 699 instaret
768 633 918 717 „deciens
932 639 1008 699 mihi
1022 635 1105 700 dotis
1118 641 1153 701 in
1166 662 1241 702 auro

453 724 573 805 Sponsa
587 722 697 784 dabia“
711 723 790 784 dini:
813 723 888 803 quid
901 725 1001 783 minus
1018 741 1087 785 esse
1101 729 1229 807 potest?

389 810 500 888 5„Nee
514 810 632 870 futuam
647 810 783 888 quamvis
797 810 897 888 prima
911 814 944 868 te
959 815 1051 868 nocte
1066 812 1210 892 maritus,

453 894 630 955 Communis
643 899 747 953 tecum
761 911 822 952 nec
835 893 911 952 mihi
927 893 1030 954 lectus
1046 896 1123 972 erlt;

411 978 670 1059 Complectarque
684 997 798 1055 meam,
817 996 877 1038 nec
890 984 925 1038 tu
937 979 1136 1061 prohibebis,
1160 981 1300 1059 amicam,

452 1063 605 1125 Ancillam
617 1064 722 1124 mittes
736 1068 770 1123 et
783 1063 859 1124 mihi
872 1065 954 1123 iussa
968 1070 1059 1126 tuam.
1080 1127 1084 1141 ,

411 1149 459 1211 'le
475 1154 636 1228 spectante
652 1147 737 1208 dabit
751 1148 841 1208 nobis
855 1145 967 1208 lasciva
981 1150 1124 1210 minister
1154 1184 1159 1191 ,

369 1241 404 1296 10
451 1235 557 1312 Basia,
577 1234 641 1293 sive
656 1251 758 1313 meus,
780 1233 845 1293 sive
862 1234 924 1292 erit
937 1231 995 1293 ille
1011 1239 1091 1296 tuus.

410 1317 460 1380 Ad
475 1337 582 1378 cenam
595 1318 719 1394 uenies,
741 1316 799 1378 sed
811 1318 861 1378 sic.
872 1316 969 1377 divisa
981 1319 1162 1398 recumbes,
1265 1328 1271 1339 ’

452 1404 496 1464 Ut
509 1422 572 1463 non
586 1407 752 1481 tangantur
762 1401 858 1484 pallia
872 1407 978 1462 nostra
995 1404 1065 1464 tuis.

411 1486 525 1548 Oscula
539 1508 610 1548 rura
624 1486 712 1548 dabir
726 1489 815 1548 nobis
832 1492 865 1548 et
878 1506 941 1546 non
958 1486 1045 1547 dabir
1059 1484 1163 1563 ultro;

451 1572 517 1633 Nee
532 1573 619 1652 quasi
631 1579 726 1653 nupta
741 1571 844 1651 dabir,
867 1569 924 1632 scd
939 1573 1025 1650 quasi
1039 1579 1138 1632 mater
1154 1590 1237 1634 anus.

370 1667 402 1719 15
411 1655 443 1717 Si
459 1663 549 1737 potes
565 1657 624 1717 ista
636 1658 717 1737 pati,
740 1659 767 1716 ri
781 1655 828 1716 nil
840 1657 985 1738 perferre
999 1676 1140 1737 recusas,
1256 1682 1259 1689 ·

451 1742 592 1802 Invenies
607 1743 708 1821 quite
723 1738 855 1820 ducere,
877 1738 959 1820 Sila,
980 1740 1090 1804 velit.“

798 1875 909 1942 XXlV.

410 1976 489 2036 Dum
502 1981 535 2036 te
548 1995 723 2057 prosequor
740 1981 773 2037 et
787 1974 909 2036 domum
923 1973 1057 2053 reduco,

410 2063 526 2121 Aurem
541 2060 613 2122 dum
626 2061 685 2122 tibi
698 2067 824 2142 praesto
840 2061 1006 2140 garrienti,

409 2146 452 2208 Et
461 2145 616 2227 quidquid
628 2146 768 2224 loqueris
781 2147 921 2225 facisque
936 2143 1045 2222 laudo,

286 2257 290 2263 ·
329 2266 331 2268 -
365 2254 368 2260 ·
411 2231 494 2306 Quot
508 2249 614 2291 versus
628 2237 791 2311 poterant,
811 2229 960 2309 Labulle,
980 2229 1089 2290 nasci?

388 2316 480 2375 5Hoe
497 2314 644 2389 damnum,
653 2317 712 2376 tibi
725 2335 787 2376 non
801 2315 925 2376 videtur
940 2333 1025 2392 esse,

411 2398 444 2459 Si
461 2399 544 2478 quod
558 2400 653 2459 Roma
667 2397 763 2477 legit,
785 2401 920 2480 requirit
934 2401 1065 2480 hospes,

410 2483 479 2543 Non
495 2482 619 2544 deridet
633 2502 747 2562 eques,
766 2490 856 2544 tenet
867 2491 1011 2563 senator,

410 2566 530 2627 Laudat
544 2567 733 2645 causidicus,
754 2573 848 2648 poeta
862 2570 978 2647 carpit,

409 2651 545 2732 Propter
560 2658 593 2712 te
606 2653 712 2733 periti
733 2653 793 2712 hoc
806 2650 956 2730 Labulle,
974 2671 1081 2713 rerum
1096 2652 1169 2713 esti
1193 2686 1196 2693 ·

370 2737 477 2799 loHoc
493 2737 653 2816 quisquam,
666 2737 764 2816 ierat,
783 2742 818 2797 ut
833 2737 891 2797 tibi
904 2742 1029 2797 tuorum

411 2821 460 2882 Sit
473 2822 570 2882 maior
585 2840 731 2883 numerus
745 2820 970 2901 togatulorum,

410 2907 575 2967 Librorum
589 2908 665 2967 milri
681 2908 723 2967 ait
736 2907 838 2967 minor
853 2906 1013 2967 meorum?

323 3064 326 3069 ¹
413 2990 559 3070 Triginta
572 2992 671 3073 prope
685 2993 747 3053 iam
762 2991 873 3053 diebus
886 3012 947 3052 una
961 2998 1011 3052 est

411 3076 508 3153 Nobis
527 3079 637 3158 pagina
648 3078 698 3137 vix
711 3083 847 3158 peracta.
880 3078 931 3138 Sic
946 3077 1012 3154 lit,

371 3171 404 3225 15
412 3162 489 3222 (lum
505 3180 618 3223 cenare
633 3162 717 3223 domi
730 3168 825 3243 poeta
836 3182 899 3222 non
912 3159 987 3223 volt.

803 3276 900 3339 XXV.
1016 3283 1023 3290 ’

413 3374 470 3436 [lla
484 3374 567 3437 salax
580 3377 737 3454 nimium,
746 3395 805 3437 nec
821 3376 926 3456 paucis
943 3381 1017 3436 nota
1030 3372 1144 3455 puellis

373 3494 377 3507 ι
455 3461 546 3522 Stare
560 3462 638 3522 Lino
655 3461 738 3523 desit
751 3458 897 3521 mentula.
924 3458 1061 3539 Lingua,
1081 3477 1163 3523 cave.

793 3577 905 3640 XXVL

413 3676 439 3736 0
454 3676 528 3736 mihi
544 3684 630 3756 grata
645 3677 749 3757 quies,
773 3675 936 3758 oblanda,
959 3675 1173 3760 Telesphore,
1195 3692 1286 3759 cura,

452 3759 561 3842 Qualis
576 3761 610 3822 in
625 3760 767 3845 amplexu
781 3782 844 3823 non
858 3763 919 3824 luit
933 3770 1005 3825 ante
1020 3780 1106 3823 meo:
