3267 4409
511 457 853 560 EPIGRAMMATOII
867 458 941 522 LIII.
958 458 1037 522 vni.
1239 460 1301 527 187

653 668 655 672 '
712 661 848 726 XLVIII.
965 652 972 661 ’

340 774 466 854 Nescit,
489 777 538 836 cni
553 772 679 836 dederit
692 774 819 854 Tyriam
837 774 998 854 crispinus
1007 773 1162 857 abollnm,

385 818 466 919 Ilnrri
478 865 574 920 mutat
590 857 690 920 cnltna
703 857 904 938 induiturque
919 865 1030 938 togam.

343 944 488 1023 Quisquis
503 944 616 1022 habea,
632 944 769 1003 hnmerIa
784 962 838 1002 sua
850 961 978 1003 munera
991 943 1091 1006 redde
1098 963 1297 1027 Ἡριοοιιιιιιι·

384 1026 454 1089 Νοιι
467 1030 527 1088 Ιιοο
543 1029 719 1108 Crispinus,
741 1033 774 1087 te
789 1026 847 1086 sed
859 1026 962 1087 abolla
973 1035 1070 1107 rogat.

319 1109 413 1175 5Non
429 1114 602 1191 ancunqoe
620 1114 701 1193 capit
718 1117 868 1171 saturatas
878 1113 996 1173 murice
1008 1119 1128 1194 vester,

384 1194 450 1257 Nec
464 1198 523 1256 nisi
514 1195 659 1256 'deliciis
677 1197 821 1255 convenit
833 1197 894 1255 inte
909 1195 1006 1260 color.

333 1280 425 1341 site
438 1279 555 1361 praeda
568 1283 651 1341 iuvat
666 1280 812 1358 foediolue
828 1281 945 1340 insania
957 1279 1053 1360 lucri,

385 1365 452 1442 Qua
465 1367 565 1445 possis
581 1362 693 1426 melius
706 1362 835 1442 fallere,
857 1383 943 1429 sume
957 1371 1073 1444 togam.¹

723 1493 885 1562 XLIX..

341 1610 521 1672 Formosam
534 1629 625 1690 cane,
644 1609 701 1671 aed
716 1629 824 1670 caenis
842 1607 946 1690 diligit
959 1611 1069 1691 Asper.

383 1693 460 1757 Plus
478 1715 570 1775 ergo,
590 1702 625 1756 nt
639 1714 691 1756 res
707 1702 773 1773 est,
793 1714 883 1773 qnam
896 1693 983 1756 videt
996 1698 1099 1787 Asper
1113 1705 1201 1760 amat.

760 1823 795 1886 L.

343 1939 463 2016 Quanta
479 1940 624 2018 Gigantei
638 1946 825 2002 memoratur
839 1958 943 1999 mensa
956 1941 1105 2020 triumphi

387 2023 567 2104 Quantaque
583 2045 643 2085 nox
653 2026 780 2105 ruperis
796 2025 936 2085 omnibus
951 2023 1005 2083 illa
1019 2025 1094 2102 fuit,

343 2108 411 2184 Qua
426 2109 524 2168 bonus
538 2111 680 2169 accubuit
693 2110 815 2188 genitor
830 2105 1006 2187 complebo
1021 2108 1149 2170 deorum

385 2192 428 2252 Et
439 2189 529 2253 licuit
542 2194 655 2253 Faunis
669 2211 800 2274 poscere
814 2193 884 2252 vIna
899 2193 1015 2253 lovem:

321 2274 448 2337 5'l'anta
461 2283 529 2337 toas
545 2277 722 2355 celebrant,
744 2278 875 2356 Caesar,
897 2277 1033 2341 convivio
1045 2274 1166 2356 lanru'o3

384 2361 566 2421 Exhilarant
579 2363 663 2443 ipsos
677 2362 786 2441 gaudia
801 2359 907 2422 nostra
921 2360 1006 2426 deos.

343 2444 489 2507 Vescitur
505 2448 603 2506 omnia
620 2462 715 2526 eques
729 2452 833 2507 tecum
847 2445 1041 2528 populusque
1054 2451 1241 2529 patresque,

385 2530 427 2589 Et
443 2531 525 2610 capit
541 2533 707 2592 ambrosias
723 2552 790 2592 cum
806 2530 884 2591 duce
899 2531 995 2591 Roma
1012 2530 1117 2612 dapes.
1197 2548 1202 2571 ⁹

346 2613 482 2674 Grandia
494 2613 652 2694 pollicitua
667 2623 780 2694 quanto
796 2617 912 2676 maiora
926 2613 1055 2676 dedisti!

300 2707 337 2759 10
382 2697 537 2759 Promissa
552 2704 602 2759 est
612 2702 702 2761 nobis
716 2698 872 2781 sportula,
893 2705 980 2762 recta
994 2698 1065 2761 (lata
1081 2707 1137 2762 eat.

758 2842 809 2905 Li.
938 2899 943 2910 ,

344 2957 418 3035 Quis
431 2955 520 3017 labor
534 2958 568 3017 in
580 2957 706 3038 phiala?
729 2958 812 3019 docti
827 2959 935 3039 Myos,
958 2978 1037 3019 anne
1051 2959 1222 3039 Myronos?

386 3041 541 3102 Mentoris
555 3043 632 3102 haec
647 3062 752 3102 manns
770 3047 835 3121 cst,
857 3062 911 3119 an,
932 3043 1103 3123 Polyclito,
1124 3045 1199 3104 toa?

344 3125 481 3185 Livescit
497 3125 581 3186 nulla
596 3126 726 3204 caligIne
740 3127 844 3205 fusca,
866 3145 925 3187 nec
938 3126 1007 3187 odit

385 3208 607 3290 Exploratores
621 3209 727 3271 nubila
740 3229 839 3270 massa
853 3211 949 3273 locos.

322 3293 429 3356 5Vera
442 3295 542 3354 minua
558 3296 636 3355 flavo
651 3294 774 3356 radiant
787 3292 906 3355 electra
922 3292 1063 3375 metallo,

349 3397 351 3399 ·
385 3379 428 3439 Et
444 3380 566 3439 niaenm
578 3377 656 3440 felix
674 3379 797 3460 pustula
809 3380 905 3441 vlncit
919 3381 1005 3440 ebor.

345 3463 498 3523 Materiae
513 3483 575 3522 non
589 3464 674 3524 cedit
688 3484 780 3544 opnr·
802 3465 847 3524 ric
862 3463 967 3543 alligat
981 3465 1105 3542 orbem,

385 3546 522 3607 Plurima
540 3567 606 3607 enm
623 3554 689 3608 tota
703 3546 845 3628 lampade
860 3547 931 3608 Iona
945 3549 1035 3613 nitet.

347 3629 442 3690 Stat
429 3650 523 3712 caper
539 3631 648 3692 Aeolio
664 3633 808 3693 Thebani
822 3629 943 3694 vellere
958 3632 1067 3693 Phrlxi

306 3723 342 3776 10
389 3714 514 3777 Cultus:
536 3718 573 3778 ab
587 3717 647 3779 hoc
660 3715 768 3778 mallet
781 3724 870 3779 vecta
884 3717 981 3780 fnisse
995 3736 1098 3782 aanor.
1198 3706 1203 3714 ⁴
