3267 4409
260 535 262 538 ¹
364 570 401 629 14
818 577 930 626 rursu

279 746 281 749 ·
362 717 457 797 Fruge
480 716 655 779 Cleanthea:
678 720 767 797 petite
790 720 855 779 lrino
877 721 1018 799 puerique
1042 737 1188 801 senesque

362 803 461 864 Finem
484 805 576 864 animo
599 812 709 863 certum
731 804 902 880 miserisque
924 806 1027 863 viatica
1051 805 1143 864 canis!
1160 837 1202 852 —-
1306 815 1341 868 65

364 887 435 949 Cras
450 886 507 946 hoo
525 887 575 947 liet
596 887 731 947 idem.-
753 884 825 947 Cras
846 884 964 946 fiett-
987 885 1083 959 Quid‘l
1106 890 1187 966 quasi
1209 905 1341 964 magnum

362 970 474 1048 Nempe
496 971 572 1049 diem
595 971 753 1030 donasl—
774 970 834 1029 Sed
862 988 945 1047 quum
969 969 1018 1028 lux
1040 970 1131 1030 altera
1153 972 1242 1045 venit,

362 1053 420 1114 lam
441 1072 505 1114 cras
525 1053 691 1113 hesternum
714 1055 958 1136 consumpsimus:
978 1070 1050 1116 ecce
1074 1054 1151 1113 aliud
1173 1071 1238 1113 cras

363 1138 465 1215 Egerit
486 1136 540 1195 hos
562 1153 653 1196 annos
677 1145 707 1196 et
728 1154 846 1214 semper
870 1137 985 1213 paulum
1009 1137 1063 1195 erit
1085 1136 1169 1197 ultra.

284 1285 290 1300 Ι
362 1221 433 1282 Nam
455 1221 584 1297 quamvis
610 1237 703 1298 prope
728 1229 773 1295 te,
799 1221 928 1297 quamvis
954 1229 1069 1280 temone
1092 1220 1144 1279 sub
1166 1238 1221 1279 uuo
1308 1233 1344 1286 70

362 1305 532 1364 Vertentem
555 1321 622 1363 sese
644 1303 750 1362 trustra
772 1303 926 1362 sectabere
950 1303 1092 1378 canthum,

364 1388 456 1461 Quum
477 1396 541 1446 rota
563 1388 710 1464 posterior
732 1404 833 1446 curras
857 1396 886 1445 et
910 1388 937 1445 in
960 1405 1014 1446 aue
1038 1387 1176 1446 secundo.

362 1469 507 1529 Libertate
530 1487 604 1548 opus
628 1479 687 1546 est,
711 1487 767 1528 uon
789 1470 861 1545 bac,
886 1478 930 1545 ut,
954 1472 1076 1548 quisque
1097 1470 1200 1530 Velina

364 1554 481 1612 Publius
504 1556 639 1630 emeruit,
659 1553 822 1613 scabiosum
848 1553 992 1614 tesserula
1014 1554 1057 1612 far
1178 1609 1180 1614 .

364 1636 507 1699 Possidet.
537 1637 600 1697 lleu
620 1636 737 1696 steriles
758 1637 838 1712 veri,
861 1636 964 1714 quibus
986 1654 1040 1696 una
1066 1636 1203 1710 Quiritem
1308 1649 1342 1701 76

363 1719 485 1795 vertigo
508 1720 591 1779 lacit!
626 1720 672 1780 hic
694 1720 786 1780 Dama
810 1728 856 1779 cst
880 1738 938 1779 nou
961 1722 1065 1780 tressis
1087 1738 1188 1798 agaso,

362 1801 465 1880 Vappa
486 1802 581 1883 lippus
602 1812 631 1863 ct
652 1804 680 1861 in
704 1805 782 1862 tenui
802 1803 947 1880 farragine
969 1803 1106 1864 mendax:

362 1886 491 1946 Verterit
512 1886 587 1946 hunc
609 1885 755 1962 dominus,
777 1895 922 1946 momento
944 1887 1064 1946 turbinis
1087 1889 1147 1948 exit

363 1968 477 2030 Marcus
501 1969 607 2030 Dama:
626 1968 739 2048 papae!
768 1967 867 2030 llarco
886 1972 1048 2049 spondente
1066 1990 1190 2030 recusas

365 2051 494 2112 Credere
516 2062 545 2112 tu
566 2052 717 2113 nummosi
746 2053 846 2114 Marco
868 2054 921 2113 sub
946 2055 1041 2115 iudice
1061 2053 1176 2133 palles?
1308 2067 1343 2117 80

363 2136 476 2196 Marcus
500 2137 584 2197 dixit:
608 2140 646 2197 ita
670 2146 728 2204 est;
754 2138 889 2221 adsigna,
913 2136 1026 2214 llarce,
1047 2138 1183 2199 tabellas.

363 2219 443 2279 llaec
465 2238 544 2281 mera
566 2220 697 2281 libertas!
720 2221 777 2281 hoc
798 2221 881 2296 nobis
905 2221 982 2299 pilea
1004 2222 1123 2282 donant!
1137 2255 1177 2264 -

364 2304 409 2362 An
432 2306 580 2383 quisquam
604 2313 649 2363 est
670 2305 743 2364 alius
769 2304 858 2382 liber,
882 2306 936 2364 nisi
960 2305 1076 2365 ducere
1090 2307 1176 2364 vitam

365 2385 417 2446 Cui
441 2387 525 2462 licet,
550 2397 581 2446 ut
604 2387 715 2448 voluit?
738 2389 809 2448 licet
830 2398 860 2449 ut
883 2389 952 2449 volo
977 2391 1093 2448 vivere:
1115 2407 1172 2448 non
1196 2408 1256 2448 sum

363 2468 495 2530 Liberior
518 2470 680 2532 Brotol-
699 2471 840 2532 lllendose
861 2472 992 2550 colligis,
1016 2475 1106 2551 inquit
1307 2483 1340 2536 85

364 2555 481 2613 Stoicus
501 2554 549 2613 lric
572 2573 669 2614 aurem
688 2557 814 2617 mordaci
838 2556 914 2616 lotus
935 2566 1038 2617 aceto:

363 2636 443 2696 Haec
465 2637 577 2715 reliqua
598 2639 728 2716 accipio;
753 2642 824 2702 licet
846 2639 916 2699 illud
938 2650 967 2700 et
987 2649 1020 2700 nt
1041 2640 1108 2701 volo
1129 2639 1210 2699 tolle.
1226 2672 1266 2683 —-

362 2719 495 2780 Vindicta
517 2729 669 2798 postquam
691 2741 771 2783 meus
795 2741 811 2783 a
833 2731 969 2800 praetore
991 2723 1114 2797 recessi,
1210 2729 1212 2734 '

364 2801 422 2862 Cur
446 2804 513 2862 milri
537 2821 595 2863 non
617 2805 719 2882 liceat,
742 2807 824 2867 iussit
844 2805 1045 2885 quodcumque
1070 2807 1214 2882 voluntas,

363 2886 497 2965 Excepto
520 2889 545 2947 si
567 2889 634 2966 quid
655 2888 762 2949 Masuri
785 2889 900 2949 rubrica
919 2888 1102 2950 vetavit‘l—
1307 2902 1342 2954 90

404 2970 509 3046 Disce,
532 2972 584 3031 sed
605 2973 647 3032 ira
672 2974 755 3033 cadat
777 2990 849 3032 uaso
872 2990 1037 3053 rugosaque
1064 2993 1161 3050 sanna,
1297 2977 1300 2983 '

362 3054 435 3113 Dum
452 3064 571 3114 veteres
594 3056 674 3116 avias
696 3054 747 3116 tibi
769 3056 805 3115 de
827 3056 962 3133 pulmone
985 3058 1106 3119 revello.

361 3137 427 3195 Non
452 3139 595 3216 praetoris
618 3148 681 3198 erat
701 3138 795 3198 stultis
817 3140 886 3200 dare
908 3143 1004 3201 tenuia
1027 3160 1122 3201 rerum

363 3220 465 3280 Ollinia
485 3232 571 3300 atque
596 3240 677 3281 usum
701 3223 820 3299 rapidae
844 3225 1011 3300 permittere
1032 3228 1125 3285 ritae:

362 3305 532 3364 sambucam
555 3306 638 3364 citius
659 3305 754 3364 caloni
775 3307 922 3383 aptaveris
947 3308 1015 3366 alto.
1307 3317 1340 3369 95

362 3390 423 3447 Stat
448 3398 549 3448 contra
573 3390 647 3447 ratio
673 3397 701 3447 et
722 3397 866 3448 secretam
888 3391 978 3464 garrit
1002 3391 1160 3463 inaurem,

360 3471 405 3530 Ne
424 3472 511 3531 liceat
529 3471 628 3531 lacere
650 3471 679 3530 id
698 3473 774 3549 quod
794 3473 857 3549 quis
875 3472 985 3532 vitiabit
1009 3475 1132 3549 agendo.

361 3554 477 3626 Publica
503 3555 552 3614 lex
572 3555 714 3614 bominum
736 3565 894 3632 naturaque
918 3557 1044 3616 continet
1064 3557 1119 3617 lroc
1143 3556 1197 3629 las,

360 3636 397 3695 Ut
416 3648 514 3697 teneat
533 3640 639 3698 vetitos
663 3639 774 3698 inscitia
796 3639 901 3699 debilis
922 3649 1013 3697 actus.

359 3717 452 3781 Diluis
474 3721 672 3797 helleborum,
696 3732 776 3782 certo
799 3739 989 3801 compescere
1011 3734 1117 3801 puncto
1288 3737 1340 3787 ,tob

360 3802 482 3864 Nescius
505 3822 642 3864 examen:
666 3815 745 3867 vetat
768 3805 827 3867 hoc
851 3816 947 3868 natura
972 3805 1118 3871 medendi:
