3267 4409
557 462 897 526 EPIGRAMMATDN
909 463 983 528 LIB.
997 464 1039 527 X.
1255 467 1317 532 229

361 620 422 681 llic
439 636 497 696 ego
512 615 586 696 quid
600 616 733 676 faciam?
755 616 950 695 quidnobis,
971 617 1085 696 Paule,
1100 618 1275 700 relinquis,

404 705 464 780 Qui
478 701 516 761 de
531 700 625 781 plebe
639 702 755 760 Numae
770 699 929 780 densaque
943 704 1034 762 turba
1047 706 1172 764 snmus‘i

339 790 486 866 bQui‘me
500 787 665 866 respiciet,
688 783 843 844 dominnm
858 803 1025 865 regemque
1039 790 1177 850 vocabo?

402 872 471 933 Hoc
489 877 539 949 tu,
560 868 617 929 sed
631 876 743 948 quanto
760 867 917 930 blandius!
938 871 1005 950 ipse
1018 871 1104 934 iacis.

359 957 516 1018 Lecticam
531 951 676 1015 sellamve
692 955 826 1030 sequar?
844 972 902 1013 nec
916 954 1002 1014 ferre
1020 974 1160 1035 recusas,

401 1040 464 1101 Per
479 1036 613 1099 medinm
628 1057 745 1116 pugnas
763 1037 820 1097 sed
832 1040 919 1118 prior
934 1041 996 1099 isse
1010 1038 1118 1101 lutum.

360 1125 489 1204 Saepius
505 1142 659 1201 assurgam
673 1125 817 1182 recitanti
833 1124 990 1182 carmina?
1010 1130 1045 1184 tu
1057 1129 1121 1184 stas

320 1219 355 1272 10
403 1209 446 1269 nt
458 1208 577 1288 pariter
592 1206 727 1285 geminas
743 1206 846 1266 tendis
861 1208 894 1265 in
911 1227 966 1267 ora
982 1227 1096 1268 manus.

361 1292 443 1370 Quid
458 1292 553 1352 iaciet
566 1308 701 1372 pauper,
721 1292 771 1350 cui
786 1310 848 1351 non
862 1289 940 1352 licet
954 1310 1024 1352 esse
1041 1285 1184 1354 clientii*

403 1377 526 1437 Dimisit
540 1382 661 1436 nostras
674 1395 811 1456 purpura
824 1380 928 1435 vestra
942 1381 1037 1457 togas.

771 1510 823 1572 Xl.

358 1629 411 1692 Nil
426 1628 510 1691 aliud
523 1629 677 1710 loqueris,
699 1622 788 1708 qn'am
803 1630 928 1690 'l'hesea
940 1630 1191 1713 Pirithoumque,

370 1762 377 1776 .
403 1715 513 1793 'l'eque
526 1722 616 1794 putas
632 1714 758 1793 Pyladi,
781 1713 975 1794 Calliodore,
996 1736 1110 1796 parem.
1246 1712 1252 1719 ’

359 1799 559 1879 Dispeream,
581 1802 606 1859 si
622 1806 656 1859 tu
670 1798 778 1878 Pyladi
792 1806 953 1879 praestare
968 1801 1125 1862 matellam

404 1884 520 1961 Dignus
535 1901 569 1942 es
584 1889 635 1942 aut
649 1903 760 1962 porcos
774 1902 903 1963 pascere
917 1885 1059 1948 Pirithoi.

337 1968 501 2046 5„Donavi
515 1968 640 2026 tamen“
656 1968 759 2045 inquis
773 1969 892 2045 „amico
907 1965 991 2027 milia
1005 1969 1141 2048 quinque

401 2052 444 2112 Et
457 2049 553 2111 lotam
567 2058 602 2112 nt
614 2051 741 2110 multum
756 2057 867 2127 terque
882 2057 1052 2129 quaterque
1067 2051 1201 2130 togam.“

360 2134 458 2213 Quid,
480 2134 563 2214 qnod
576 2133 622 2195 nil
637 2154 768 2212 unquam
782 2132 917 2213 Pylades
933 2134 1057 2195 donavit
1071 2135 1218 2196 Orestae:

404 2220 463 2297 Qui
477 2218 571 2280 donat
587 2221 721 2299 quamvis
735 2218 883 2300 plurima,
903 2217 992 2300 plura
1005 2225 1106 2299 negat.

762 2354 827 2416 llll.

360 2467 510 2531 Aemiliae
528 2474 637 2547 gentes
652 2473 685 2527 et
698 2464 880 2546 Apollineas
898 2465 1078 2548 Vercellas,

403 2555 445 2614 nt
459 2552 667 2613 Phaethontei
681 2553 733 2630 qni
747 2553 830 2631 petis
846 2570 916 2610 arva
930 2550 1023 2630 Padi,

359 2638 407 2698 Ne
422 2639 535 2714 vivam,
556 2637 617 2695 nisi
632 2641 682 2713 te,
703 2636 837 2713 Domiti,
859 2634 980 2695 dimitto
994 2637 1150 2717 libenter,

404 2723 499 2782 Grata
512 2722 589 2781 licet
605 2721 673 2779 sine
688 2723 721 2779 te
737 2721 778 2781 sit
793 2721 869 2778 mihi
883 2717 970 2779 nulla
984 2719 1059 2783 dies.

361 2805 425 2867 Sed
439 2804 627 2865 desiderium
642 2805 719 2864 tanti
735 2810 799 2882 est,
821 2810 856 2864 nt
870 2821 971 2863 messe
984 2804 1035 2865 vel
1050 2825 1111 2866 una
1181 2816 1187 2825 '

401 2889 528 2952 Urbano
542 2888 663 2948 releves
678 2886 759 2948 colla
774 2893 902 2968 perusta
917 2889 998 2966 iugo.

360 2974 374 3035 l
387 2992 502 3055 precor
515 2978 549 3033 et
562 2978 645 3032 totos
661 2972 747 3031 avida
761 2978 832 3031 cute
847 2971 988 3031 combibe
1003 2971 1094 3033 arole.

404 3059 430 3118 0
447 3077 535 3136 qnam
549 3057 719 3132 formosus,
741 3054 813 3113 dum
827 3056 1028 3134 peregrinus,
1050 3056 1128 3118 eris!
1159 3078 1161 3083 ·

362 3142 523 3202 niventes
539 3140 616 3200 albis
630 3159 692 3199 non
707 3136 919 3216 agnoscendus
934 3140 1039 3199 amicis
1141 3206 1144 3211 ¹

319 3234 355 3290 10
400 3226 585 3301 Livebitque
599 3225 660 3283 tuis
675 3221 793 3303 pallida
806 3223 897 3282 turba
912 3223 1014 3299 genis!

361 3309 424 3371 Sed
438 3310 488 3369 via
505 3327 596 3393 quem
611 3307 752 3385 dederit,
773 3309 876 3387 rapiet
890 3306 951 3365 cito
968 3306 1064 3367 Roma
1080 3303 1232 3384 colorem,

402 3393 521 3456 Niliaco
539 3392 650 3454 redeas
670 3398 706 3453 tu
720 3391 797 3453 licet
815 3409 872 3451 ore
887 3388 986 3470 niger.

758 3526 836 3588 xm,
943 3550 950 3561 .

363 3641 438 3702 Dum
455 3636 693 3700 cathedralicios
710 3645 817 3719 portet
834 3639 892 3699 tibi
908 3636 986 3699 reda
1001 3637 1159 3721 ministros
1249 3699 1252 3705 1
1363 3518 1395 3680 *d

356 3826 359 3832 .
405 3726 447 3789 nt
462 3724 558 3805 Libys
572 3724 605 3783 ln
621 3721 714 3803 longo
729 3722 859 3804 pulvere
873 3722 966 3784 sudet
983 3740 1099 3806 eques,
1177 3806 1181 3813 Ι
1210 3716 1350 3888 .·=
