3267 4409
325 458 408 525 5³4·
645 455 690 519 Μ.
707 454 800 520 VAL.
816 454 1043 518 MARTIALIS

712 636 849 722 cxxiv.
877 659 975 743 noga.

407 760 560 822 Romanos
574 776 679 820 rerum
698 757 837 819 dominos
853 765 1040 838 gentemque
1052 763 1188 839 togatum

448 843 505 906 Ille
518 844 610 923 facit,
630 861 739 922 magno
755 845 808 923 qui
826 842 913 904 dedit
928 849 1010 906 astra
1023 844 1115 926 patri

726 976 848 1041 CXXV.
869 977 966 1039 Idem.

407 1076 441 1138 Si
453 1077 618 1137 matutinos
631 1073 755 1137 facilest
770 1078 828 1137 tihi
842 1075 978 1157 perdere
992 1094 1132 1155 somnos,

446 1163 564 1222 Attrita
576 1162 682 1222 veniet
695 1160 835 1242 sportula
850 1179 944 1240 saepe
957 1167 1038 1240 toga.

556 1314 561 1331 ¹
674 1293 807 1358 CXXVI.
829 1293 1008 1356 Endromis.

406 1393 555 1474 Pauperis
571 1398 620 1453 est
633 1413 758 1474 munus,
778 1394 836 1456 sed
848 1415 910 1455 non
925 1401 974 1454 eat
987 1392 1132 1473 pauperia
1145 1411 1229 1454 uana.

446 1480 533 1540 lianc
547 1478 605 1538 tibi
618 1498 676 1558 pro
689 1478 778 1540 laena
794 1481 943 1540 mittimus
957 1475 1150 1539 endromidos*

600 1612 750 1676 cxxvii.
773 1612 950 1676 Canusinae
962 1613 1080 1689 fuscae.

403 1708 489 1769 Ilaec
502 1710 560 1770 tibi
574 1713 697 1772 turbato
713 1713 866 1773 Canusina
882 1712 1037 1774 simillima
1050 1709 1148 1772 mulso
1219 1762 1230 1779 ,

445 1794 559 1855 Μιιιιιιι
577 1796 648 1856 erit.
673 1795 797 1856 Gaude:
819 1816 881 1857 non
896 1799 958 1857 cito
972 1799 1030 1858 fiet
1043 1815 1128 1857 anus.

610 1930 775 1992 cxxviii.
800 1931 1067 1994 Bardocucullus.

404 2023 505 2088 Gallia
523 2025 687 2087 Santonico
701 2029 796 2089 vestit
809 2034 842 2088 te
857 2027 1084 2090 bardocueuilo.

445 2112 740 2194 Cercopithecorum
753 2113 886 2194 paenula
899 2131 999 2194 nuper
1013 2116 1091 2173 erat

608 2245 743 2307 CXXIX.
768 2246 1061 2327 Canusinae-rufae.

402 2343 500 2405 Roma
511 2345 607 2423 magis
620 2345 716 2405 fuscis
728 2348 877 2424 vestitur,
899 2345 998 2407 Gallia
1013 2346 1105 2423 ruiis,

444 2430 487 2491 Et
500 2426 605 2510 placet
619 2430 670 2489 hic
684 2431 790 2509 pueris
804 2429 1017 2514 militibusque
1032 2428 1129 2492 color.
1242 2426 1247 2435 “

625 2563 743 2625 CXXX
766 2563 911 2626 Paenula
924 2571 1056 2626 scorteo.

400 2659 578 2740 ingrediare
591 2662 670 2723 viam
686 2662 771 2723 caelo
784 2662 861 2724 licet
874 2682 972 2744 usque
988 2681 1118 2741 sereno,

443 2745 493 2806 Ad
507 2748 623 2807 subitas
638 2767 791 2826 nunquam
805 2755 928 2809 scortea
943 2747 1025 2809 desit
1039 2766 1142 2828 aquas.

585 2882 720 2943 cxxxi.
743 2882 906 2946 lacernae
922 2884 1094 2945 cocciaeoc.

400 2980 434 3040 Si
448 2979 571 3043 Veneto
585 2981 753 3043 Prasinove
767 2982 869 3061 faves,
892 2982 965 3062 quid
982 2983 1107 3043 coccina
1120 2979 1244 3043 sumu?
1269 2960 1273 2965 ¹

441 3065 489 3126 Ne
502 3067 558 3127 iias
572 3067 633 3128 ista
646 3068 805 3147 transfuga
821 3074 923 3147 sorte,
943 3065 1026 3127 vide.

688 3173 837 3263 CXXXII.
858 3200 989 3266 l'r'leum.

400 3296 433 3358 Si
450 3316 589 3378 possem,
610 3302 692 3358 totas
707 3317 852 3379 caperem
867 3301 987 3360 misisse
1002 3297 1153 3362 lacernas.
1186 3368 1189 3373 ,

440 3383 528 3443 Nunc
542 3384 661 3444 tantum
675 3385 769 3464 capiti
783 3402 911 3444 munera
925 3386 1014 3445 mitto
1027 3391 1093 3446 tuo.

573 3518 737 3578 CXXXIII.
760 3516 922 3581 Laecam
936 3519 1101 3582 Baeticae.

397 3616 467 3679 Non
482 3623 531 3679 est
543 3616 614 3679 lana
628 3619 703 3679 mihi
718 3619 868 3698 mendax,
888 3638 948 3680 nec
964 3625 1067 3681 mutor
1082 3619 1199 3684 ahenos

439 3701 491 3762 Sic
504 3701 646 3783 placeant
662 3702 794 3783 Tyriae:
815 3722 865 3764 me
881 3698 950 3765 mea¹
962 3705 1055 3767 tinuit
1070 3705 1144 3767 ovis.
