3267 4409
368 456 393 503 X
719 463 725 476 ·
757 451 965 501 PRAEFATIO.

367 601 428 659 nalis
437 599 542 671 privatae
552 596 723 671 indignationis
736 612 823 652 vocem
836 612 893 652 cum
909 596 1006 668 publica
1021 598 1159 655 eommunis
1175 599 1352 671 depravationis

367 684 536 743 testificatione
547 683 649 739 feliciter
658 682 783 737 coniunxit
797 696 939 753 summaque
949 681 1100 739 tremebundi
1110 683 1161 739 oris
1171 683 1288 741 liboetate
1297 700 1352 742 man

318 814 322 821 .
366 769 528 842 praesentium
543 767 669 822 hominnm
685 766 815 821 reverentia
832 765 963 836 prudenter
979 766 1055 821 mista
1071 773 1096 821 et
1108 767 1155 823 sibi
1175 774 1202 823 et
1216 769 1311 839 populo
1320 770 1352 827 ita

366 853 504 919 satisfecit,
516 849 1351 926 urpdomedicnemodtoopodenaoutorbpoidpnmoooudo·

366 945 502 995 mennon
517 942 591 999 esea.
608 951 664 990 oon
680 951 771 1006 mappa
787 933 924 1008 suquentic
940 940 1088 990 omnesne
1103 936 1240 995 adinton.
1269 936 1353 1011 licque

366 1029 448 1079 tamen
463 1022 515 1091 ipse
523 1020 573 1076 boc
588 1019 613 1075 in
624 1034 738 1075 successu
754 1018 873 1090 acquievit
888 1033 974 1090 nequo,
984 1019 1042 1074 dum
1052 1019 1144 1075 abenos
1160 1035 1245 1076 mores
1255 1022 1351 1093 carpet,

368 1123 415 1163 sno
427 1112 522 1160 tantum
530 1104 629 1176 ingenio
639 1103 744 1167 indulsit
755 1102 797 1157 sed
809 1108 936 1173 postquam
947 1103 970 1157 in
981 1102 1101 1173 prioribus
1110 1118 1199 1159 norem
1208 1105 1292 1161 satiris
1301 1104 1353 1177 pbi-

368 1188 495 1260 losophiae
504 1188 544 1243 rin
554 1189 628 1243 ollam
638 1192 680 1242 ant
691 1186 801 1242 notitiam
811 1191 854 1241 ant
862 1193 998 1257 respectum
1007 1186 1127 1257 prodidit,
1137 1188 1186 1243 soli
1195 1188 1318 1261 deniqne,
1327 1196 1354 1245 nt

365 1275 401 1331 ita
412 1275 504 1337 dicam,
521 1278 635 1327 externae
650 1270 744 1325 veritmi
758 1270 866 1325 intentus
880 1271 1051 1326 verecundiam
1061 1278 1088 1326 et
1095 1271 1230 1341 pudorem,
1246 1273 1354 1329 internae

364 1358 481 1415 bonitatis
491 1357 576 1429 signa.
586 1356 675 1427 passim
691 1369 740 1410 non
756 1355 825 1409 laesit
834 1347 914 1413 minus
930 1369 1003 1426 qnam
1018 1354 1140 1420 delmdit.
1161 1354 1284 1413 adocima
1298 1356 1353 1415 inde

366 1443 439 1514 plane
450 1447 557 1497 mutatus
573 1456 622 1496 non
633 1438 822 1512 indignationem
838 1443 932 1493 mutum
950 1436 1186 1510 reprehendendiqnc
1195 1440 1354 1499 acerbitatem

365 1525 411 1581 sed
421 1524 565 1595 sapientiam
581 1524 653 1579 sinml
664 1531 735 1595 atque
745 1522 878 1578 honestatis
892 1522 1000 1578 studium
1010 1537 1068 1594 prae
1084 1537 1113 1579 se
1128 1523 1176 1579 tert
1185 1526 1354 1597 niqneminns

366 1609 412 1664 sibi
423 1609 449 1663 in
459 1608 587 1663 verborum
598 1608 690 1663 lusibus
705 1607 868 1677 irrisionisque
881 1607 971 1662 aculeis
985 1606 1079 1679 planet,
1096 1606 1130 1661 ita
1141 1608 1313 1681 mstigationis
1322 1610 1353 1667 ri·

366 1706 452 1765 gorem
464 1692 624 1763 persuasionis
634 1698 659 1745 et
669 1691 792 1747 doctrinae
802 1697 992 1761 temperamento
1008 1691 1161 1755 moderatam
1175 1706 1227 1763 qno
1236 1692 1264 1749 in
1274 1694 1353 1751 endo

365 1777 411 1832 etsi
421 1776 478 1831 bino
487 1776 543 1833 inde
552 1791 596 1846 pro
607 1775 708 1845 pristino
724 1775 813 1845 poetici
831 1775 930 1845 spiritus
945 1775 1030 1833 ardore
1045 1775 1085 1831 rel
1094 1774 1269 1833 scholasticam
1278 1775 1353 1835 Stoici

364 1862 508 1934 gravitatem
518 1859 590 1915 oiiert
600 1861 713 1931 ipsosque
722 1858 832 1914 acerrimi
841 1859 933 1931 ingenii
949 1874 1035 1916 sensus
1044 1864 1169 1931 tamqnam
1185 1861 1302 1933 magistri
1311 1862 1351 1919 ali·

364 1946 433 2001 cuins
442 1945 531 2001 dictata
543 1944 640 2015 perfert,
653 1943 724 1999 facile
733 1949 813 1998 tamen
826 1942 975 2014 ignoscimus
983 1944 1036 2000 seni
1045 1950 1145 1999 strenuo
1155 1949 1182 1999 et
1190 1944 1301 2011 amabili,
1313 1944 1352 2019 qai

363 2028 421 2089 licet
432 2036 533 2085 aetatem
551 2030 618 2100 qnasi
636 2027 723 2083 baonlo
741 2028 817 2093 levet,
830 2034 903 2097 capnt
917 2034 998 2083 tamen
1009 2042 1140 2099 numquam
1150 2026 1262 2085 demittit
1276 2044 1352 2103 neque

363 2114 447 2185 magni
459 2115 507 2169 oris
524 2114 618 2169 sonitus
629 2110 756 2183 comprimi
774 2112 880 2182 patitur,
897 2112 941 2172 ssd
956 2113 994 2167 rel
1012 2108 1230 2183 ocngmanm'in
1246 2114 1351 2171 nefarios

362 2198 547 2268 superstitiones
563 2197 794 2269 peregrinarumqne
810 2195 957 2267 religionum
972 2196 1112 2252 ioedltatmr
1124 2196 1211 2251 eadem
1228 2197 1351 2271 iracundia

363 2280 500 2346 invehitur,
518 2297 565 2354 qna
576 2282 635 2337 olim
647 2281 797 2352 popularium
815 2280 951 2348 luxuriam,
961 2281 1099 2346 vanitatem,
1112 2280 1240 2337 avaritiam
1251 2282 1350 2339 notarit

365 2362 475 2437 Namque
486 2372 607 2420 extremas
616 2366 701 2421 satiras
711 2365 759 2420 iam
770 2364 890 2421 Hadriano
902 2364 1035 2435 imperante
1045 2363 1148 2434 scriptas
1156 2378 1222 2433 esse,
1234 2380 1286 2424 non
1297 2366 1350 2423 lma·

364 2463 409 2503 ons
419 2454 513 2504 tantum
525 2448 621 2513 cornui,
635 2463 707 2519 quem
723 2449 834 2519 superins
848 2449 1051 2517 memoravimus,
1067 2448 1111 2503 scd
1123 2447 1243 2507 Fonteius
1258 2460 1351 2523 quoqne

363 2531 463 2603 arguit,
482 2532 551 2587 cuim
561 2531 731 2603 magistratum
741 2547 815 2602 qnnm
826 2529 878 2590 Sat
890 2533 957 2589 lllll.
970 2537 1003 2594 li
1021 2532 1158 2604 sexaginta.
1166 2548 1289 2591 annornm
1297 2548 1351 2607 opa-

364 2614 401 2669 tio
413 2629 427 2669 a
437 2629 481 2669 sna
498 2622 576 2670 aetate
585 2615 733 2687 distinguat,
748 2615 799 2671 sive
815 2631 838 2671 a.
850 2620 885 2675 59
898 2617 1023 2673 musuleo
1039 2616 1201 2683 intellexeris,
1212 2618 1246 2675 od
1258 2632 1281 2677 a.
1294 2620 1354 2693 lliq

364 2697 416 2752 sire
435 2713 491 2752 oum
502 2697 635 2770 Bnrgbesio
647 2714 716 2767 eum,
732 2699 773 2772 qni
784 2715 805 2756 a.
817 2702 852 2759 67
869 2716 926 2756 cum
937 2701 966 2757 G.
977 2701 1038 2757 lulio
1051 2699 1115 2757 linio
1127 2700 1284 2759 somniatum
1294 2716 1352 2777 gn·

365 2781 413 2848 sit,
434 2780 464 2837 ad
474 2782 553 2852 ipsum
563 2782 630 2838 lunci
642 2798 730 2838 annum
750 2787 798 2843 127
815 2800 841 2856 p.
854 2784 913 2841 Chr.
930 2785 1059 2848 desereris.
1075 2784 1141 2841 unde
1153 2784 1269 2859 quintum
1287 2792 1352 2843 ecta

364 2864 461 2930 librum,
472 2867 513 2937 qni
523 2867 608 2923 satiras
618 2868 713 2923 tertiam
719 2869 837 2925 decimam
845 2875 870 2924 et
880 2868 1205 2941 sequentescomprebendit
1215 2870 1351 2929 adlladrh·

362 2949 388 3005 ni
402 2955 509 3020 tempora
522 2952 641 3022 pertinere
653 2967 752 3008 nmesse
760 2964 807 3009 est.
820 2953 856 3008 be
867 2954 920 3010 solo
928 2961 1015 3025 quarto
1027 2953 1145 3011 librosire
1156 2953 1239 3011 satir-'a
1248 2954 1349 3021 decim.

360 3033 504 3103 undecima,
517 3035 667 3104 duodecima,
679 3051 740 3108 qnae
751 3037 866 3108 peculiari
879 3039 996 3108 temporis
1005 3045 1064 3094 nota
1074 3043 1169 3103 carent,
1183 3052 1277 3109 anceps
1290 3036 1350 3097 iadi-

286 3162 289 3169 .
360 3117 429 3173 oinm
438 3125 484 3183 ost,
496 3119 542 3175 nisi
550 3120 615 3192 qnod
626 3121 719 3176 interna
729 3121 810 3176 indole
819 3128 845 3177 et
855 3121 921 3192 ipsae
930 3122 1037 3193 quintam
1044 3121 1144 3193 propius
1149 3136 1225 3193 qnam
1230 3122 1349 3195 neemia·

358 3212 402 3256 rcs
412 3203 549 3275 attingunt;
561 3220 608 3275 qua
619 3205 726 3261 insama
737 3205 1206 3263 illemaximelocnsanimadvertendus
1214 3206 1269 3275 eet,
1279 3220 1350 3281 quem

359 3284 455 3341 decima
465 3288 537 3343 satira
547 3288 765 3347 vseocunxw.
777 3295 829 3349 315
840 3305 994 3346 oommnmm
1005 3291 1084 3356 babet,
1095 3288 1184 3361 siquis
1195 3288 1347 3347 alinsclar'n·

359 3368 424 3423 sime
440 3367 551 3427 Stoicum
569 3372 638 3427 illnm
655 3373 785 3443 sapientiae
807 3374 901 3429 cultum
917 3373 1048 3442 enbibms,
1066 3386 1140 3447 quam
1158 3371 1196 3429 illi
1213 3372 1348 3449 pbdosopfii

360 3452 443 3507 omnis
452 3455 557 3511 numinis
575 3456 650 3512 instar
659 3456 975 3530 existimabantpraecpreea
985 3475 1034 3515 non
1045 3459 1158 3515 fortunae
1166 3462 1347 3525 tantnmcnnq

323 3574 325 3579 .
360 3534 407 3590 sed
418 3536 492 3593 ctiam
502 3552 545 3595 eos
555 3539 614 3595 deos
623 3539 780 3611 spernebant,
792 3541 834 3613 qni
845 3557 920 3614 quum
930 3543 1007 3615 vulgo
1016 3557 1098 3599 renim
1108 3541 1258 3599 naturalium
1267 3546 1348 3601 me

360 3631 402 3672 res
413 3616 573 3689 haberentur,
586 3622 688 3679 invenus
699 3625 751 3679 aliis
761 3624 847 3681 harum
856 3627 935 3682 causis
945 3642 977 3681 ne
988 3628 1034 3698 ipsi
1043 3625 1143 3699 quidem
1153 3625 1219 3683 ultra
1226 3626 1348 3701 legitis!

359 3700 503 3760 cerimonias
520 3708 648 3763 venerandi
667 3709 885 3772 omeridebantm
903 3709 974 3767 bniurs
984 3711 1061 3784 igitm
1068 3708 1225 3783 pardulino.
1244 3708 1347 3781 minda

349 3786 519 3857 superioribus
527 3787 609 3850 satiris
620 3806 753 3851 nonomen
766 3793 866 3869 quidem
874 3800 967 3866 cusat,
982 3796 1127 3869 siaqnarto
1137 3790 1347 3873 indabbrffl·
