3267 4409
578 926 619 1020 ll.
645 923 755 1021 lllllll
780 925 1003 1022 llllllldllll

702 1098 882 1175 loculus

451 1241 1135 1359 snulltnltuul

662 1451 764 1516 LIBER
789 1453 939 1519 PRIMUS..

707 1637 878 1648 ι---....

639 1748 941 1845 sacrani.

296 1855 428 1962 Semper
449 1900 504 1960 ego
525 1884 636 1944 auditor
657 1885 785 1947 tantum?
807 1905 996 1966 numquamne
1019 1904 1175 1966 reponam,

295 1973 428 2031 Venatus
449 1971 536 2029 toties
556 1972 636 2030 rauci
658 1972 806 2032 Theseide
830 1970 939 2034 Cordi?

295 2056 415 2133 Impune
438 2071 509 2130 ergo
529 2054 596 2113 milri
617 2057 784 2116 recitaverit
805 2056 855 2116 ille
878 2065 1008 2134 togatas,

295 2140 350 2199 llic
372 2135 495 2214 elegos?
516 2139 631 2215 impune
654 2139 730 2199 diem
753 2141 964 2218 consumpserit
986 2140 1088 2214 ingens

296 2222 446 2301 Telephus
465 2230 512 2280 aut
535 2223 636 2281 summi
655 2223 741 2301 plena
761 2225 816 2282 iam
838 2225 965 2300 margine
984 2222 1049 2282 libri
1266 2235 1281 2284 5

297 2308 429 2384 Scriptus
453 2315 482 2364 et
503 2306 531 2364 in
552 2315 637 2382 tergo
655 2325 711 2366 nec
732 2307 798 2367 dum
820 2306 914 2376 linitus
937 2303 1079 2366 Orestes?

294 2389 372 2449 Nota
394 2390 484 2466 magis
506 2389 576 2449 nulli
598 2390 698 2450 domus
719 2400 764 2450 est
784 2410 851 2467 sua,
874 2409 959 2468 quam
981 2389 1048 2449 mihi
1071 2389 1152 2448 lucus

294 2473 395 2534 Martis
417 2483 447 2533 et
468 2473 581 2533 Aeoliis
602 2475 724 2535 vicinum
746 2475 865 2554 rupibus
885 2482 994 2534 antrum

293 2558 427 2616 Vulcani.
459 2556 533 2630 Quid
555 2568 641 2634 agant
661 2561 758 2636 venti,
780 2578 852 2638 quas
873 2565 1007 2636 torqueat
1025 2556 1142 2617 umbras

294 2641 429 2714 Aeacus,
452 2641 623 2713 unde-alius
642 2643 766 2703 furtivae
785 2644 911 2703 devehat
933 2661 1031 2702 aurum
1062 2692 1065 2697 .
1246 2652 1280 2703 10

294 2723 472 2800 Pelliculae‚
496 2735 616 2805 quantas
637 2728 778 2788 iaculetur
799 2727 959 2802 Monychus
982 2743 1087 2800 ornos,

293 2807 450 2868 Frontonis
469 2809 575 2888 platani
598 2812 796 2890 convulsaque
819 2829 960 2871 marmora
984 2811 1107 2870 clamant

294 2893 419 2969 Semper
440 2901 469 2951 et
490 2895 605 2954 assiduo
626 2904 729 2973 ruptae
752 2896 865 2955 lectore
886 2895 1052 2955 columnae:
1142 2926 1144 2932 ·

293 2975 461 3053 Exspectes
485 2980 586 3039 eadem
607 2996 623 3038 a
645 2995 754 3037 summo
775 2980 950 3055 minimoque
973 2985 1070 3056 poeta,

292 3059 332 3119 Et
352 3077 406 3120 nos
424 3078 495 3138 ergo
516 3080 627 3121 manum
648 3061 760 3121 ferulae
783 3061 985 3136 subduximus,
1009 3067 1038 3119 et
1056 3075 1110 3119 nos
1245 3069 1278 3120 15

294 3141 453 3203 Consilium
475 3146 606 3206 dedimus
630 3145 745 3221 Sullae,
768 3147 897 3224 privatus
920 3153 951 3204 ut
973 3144 1059 3227 altum
1218 3219 1221 3223 p

292 3227 454 3297 Dormiret;
476 3230 561 3290 stulta
581 3239 626 3290 est
648 3230 816 3305 clementia,
837 3246 923 3307 quum
941 3237 984 3288 tot
1003 3224 1111 3307 ubique

291 3310 415 3372 Vatibus
437 3315 763 3392 occurras,'periturae
783 3331 907 3392 parcere
931 3311 1058 3372 chartae.

294 3393 353 3456 Cur
374 3406 468 3457 tamen
489 3398 546 3459 hoc
568 3400 664 3477 potius
687 3398 777 3458 libeat
797 3398 955 3458 decurrere
977 3412 1096 3474 campo,

292 3479 349 3540 Per
372 3499 457 3559 quem
477 3501 597 3559 magnus
619 3499 712 3561 equos
732 3481 886 3542 Auruncae
908 3481 989 3541 llexit
1011 3479 1158 3556 alumnus,
1245 3489 1279 3540 20

292 3565 325 3625 Si
344 3574 428 3626 vacat
450 3584 484 3625 ac
506 3567 615 3644 placidi
636 3568 776 3627 rationem
798 3565 960 3640 admittitis,
984 3563 1074 3626 edam.
1110 3629 1113 3635 ,

354 3644 447 3723 Quum
468 3658 552 3709 tener
573 3668 695 3711 uxorem
715 3652 800 3711 ducat
822 3649 929 3728 spado,
948 3646 1060 3707 lllaevia
1082 3644 1207 3708 'luscum

290 3731 376 3810 Figat
398 3751 497 3812 aprum
520 3743 550 3794 et
567 3733 642 3796 nuda
664 3743 764 3796 teneat
783 3732 927 3795 venabula
948 3749 1078 3875 mammap

333 3835 390 3878 scu.
406 3837 466 3877 sar.
643 3829 646 3835 “
