3267 4409
276 436 387 526 ''124
509 462 531 501 ·-
647 463 691 525 Μ.
706 463 798 526 van.
816 464 1109 527 maurianis·

680 670 684 679 ‘
778 666 911 730 LXVIII.

325 788 327 793 ’
407 781 523 841 Arctoa
537 775 577 838 de
594 783 686 857 gente
702 798 817 839 comam
831 781 905 857 tibi,
926 779 1055 859 Lesbia,
1076 781 1163 862 misi,
1189 762 1196 769 ¹

449 863 493 925 Ut
506 863 621 941 scires,
644 869 756 941 quanto
770 865 811 923 sit
825 869 878 923 tua
890 865 968 924 flava
979 865 1084 944 magis.

788 996 896 1061 LXIX.

406 1110 521 1171 Antoni
535 1109 648 1169 Phario
662 1106 714 1167 nil·
723 1109 883 1169 obiecture
901 1109 1035 1168 Pothino

448 1195 490 1255 Et
503 1191 602 1253 levius
616 1191 739 1270 tabula,
762 1212 850 1270 quam
863 1194 1017 1252 Cicerone
1029 1212 1162 1255 nocens:

409 1277 490 1354 Quid
505 1275 636 1356 gladium
652 1275 779 1336 demens
796 1277 931 1335 Romana
945 1277 1073 1356 stringis
1089 1279 1123 1338 in
1141 1279 1241 1339 orni,

449 1363 518 1422 Hoc
536 1360 709 1420 admisisset
723 1378 781 1419 nec
796 1359 929 1420 Catilina
943 1359 1041 1421 nefas.
1121 1383 1124 1386 ·

387 1447 523 1525 slmpius
537 1443 664 1505 infando
680 1444 769 1504 miles
785 1444 992 1523 corrumpitur
1006 1463 1098 1525 auro,

448 1531 490 1588 Et
503 1530 598 1589 tantia
614 1530 722 1609 opibus
736 1549 793 1589 vox
808 1534 891 1588 tacet
904 1547 964 1587 una
977 1529 1045 1591 tibi.

408 1613 489 1690 Quid
502 1619 633 1692 prosunt
647 1631 752 1672 sacrae
766 1613 905 1693 pretiosa
919 1611 1043 1678 silentia
1055 1609 1203 1692 Iluguae?

448 1697 600 1777 Incipient
615 1714 720 1756 omnes
733 1717 791 1777 pro
807 1698 960 1756 Cicerone
973 1694 1068 1775 loqui.

794 1830 889 1895 LXX.

406 1943 541 2002 Infusum
556 1944 615 2003 sibi
629 1963 729 2024 nuper
744 1966 760 2004 a
773 1951 905 2024 patrono

405 2026 552 2105 Plenum,
574 2029 725 2107 Maxime,
748 2030 888 2088 centiens
904 2026 1045 2106 Syriscus

404 2112 439 2172 In
455 2109 621 2172 sellariolis
634 2132 726 2191 vagus
741 2113 864 2193 popiuis

406 2197 498 2256 Circa
511 2195 620 2256 balnea
636 2204 779 2275 quattuor
792 2195 925 2277 peregit.
1140 2268 1142 2272 Ι

382 2279 434 2339 50
450 2286 562 2358 quanta
576 2286 624 2338 est
637 2280 721 2359 gula,
737 2282 877 2341 centiens
892 2280 1045 2340 comesse!

407 2363 527 2438 Quanto
540 2363 636 2422 maior
652 2363 768 2444 adhuc,
788 2383 848 2427 nec
865 2364 1029 2424 accubare!

786 2498 893 2562 LXXI.

404 2607 538 2670 Humida
553 2629 612 2688 qua
628 2609 745 2688 gelidas
761 2614 923 2672 summittit
939 2609 1077 2672 Trebula
1090 2604 1189 2670 valles

445 2695 487 2754 Et
503 2693 610 2753 viridis
625 2697 728 2755 cancri
743 2693 998 2775 mansibus‘alget
1011 2713 1099 2773 ager,

403 2777 487 2838 Rura
503 2776 659 2838 Cleonaeo
675 2799 831 2859 nunquam
844 2787 994 2841 temerata
1008 2778 1102 2838 leone

445 2863 487 2923 Et
502 2860 608 2922 domus
622 2864 731 2924 Aeolio
748 2883 871 2945 semper
887 2866 982 2924 amica
996 2864 1094 2940 Noto,

384 2945 472 3024 5Te,
493 2946 656 3025 Faustino,
678 2955 801 3008 vocant:
824 2948 932 3028 longas
946 2949 995 3007 his
1011 2947 1099 3024 exige
1114 2962 1232 3006 messes

334 3062 340 3069 ·
447 3030 607 3107 Collibus3
627 3032 791 3093 hibernum
806 3035 865 3093 iam
876 3034 934 3094 tibi
949 3033 1049 3093 Tibur
1063 3030 1135 3094 erit.

780 3181 901 3242 LXXII.

404 3291 462 3366 Qui
477 3291 578 3369 potuit
592 3291 706 3351 Bacchi
719 3297 848 3351 matrem
865 3290 978 3350 diruisse
992 3295 1169 3369 tonantem,

444 3371 500 3433 Ille
513 3380 618 3455 potest
633 3374 777 3435 Semelen
792 3373 915 3452 dicere,
935 3375 1033 3454 Rufe,
1051 3380 1182 3456 patrem.

769 3506 904 3569 LXXIII.

403 3615 472 3676 Non
487 3616 598 3676 donem
613 3618 671 3677 tibi
686 3637 742 3677 cur
755 3636 840 3677 meos
854 3616 979 3680 libellos

404 3699 513 3760 Oranti
527 3702 643 3761 totiens
658 3708 691 3762 et
707 3702 859 3782 exigenti,
