<?xml version="1.0" encoding="UTF-8"?>
<!DOCTYPE html PUBLIC "-//W3C//DTD XHTML 1.0 Transitional//EN"
    "http://www.w3.org/TR/xhtml1/DTD/xhtml1-transitional.dtd">
<html xmlns="http://www.w3.org/1999/xhtml" xml:lang="en" lang="en">
 <head>
  <title>
</title>
<meta http-equiv="Content-Type" content="text/html;charset=utf-8" />
  <meta name='ocr-system' content='tesseract 3.04.00' />
  <meta name='ocr-capabilities' content='ocr_page ocr_carea ocr_par ocr_line ocrx_word'/>
</head>
<body>
  <div class='ocr_page' id='page_1' title='image "./mvalmartialisep00martgoog_0049.png"; bbox 0 0 3267 4409; ppageno 0'>
   <div class='ocr_carea' id='block_1_1' title="bbox 552 448 1304 517">
    <p class='ocr_par' dir='ltr' id='par_1_1' title="bbox 552 448 1304 517">
     <span class='ocr_line' id='line_1_1' title="bbox 552 448 1304 517; baseline 0.011 -8"><span class='ocrx_word' id='word_1_1' title='bbox 552 448 893 511; x_wconf 78' lang='lat' dir='ltr'><strong>EPIGRAMMATON</strong></span> <span class='ocrx_word' id='word_1_2' title='bbox 905 449 980 515; x_wconf 91' lang='lat' dir='ltr'><strong>LlB.</strong></span> <span class='ocrx_word' id='word_1_3' title='bbox 997 451 1020 514; x_wconf 89' lang='lat'><strong>1.</strong></span> <span class='ocrx_word' id='word_1_4' title='bbox 1264 453 1304 517; x_wconf 75' lang='lat'><strong>25</strong></span> 
     </span>
    </p>
   </div>
   <div class='ocr_carea' id='block_1_2' title="bbox 738 651 830 714">
    <p class='ocr_par' dir='ltr' id='par_1_2' title="bbox 738 651 830 714">
     <span class='ocr_line' id='line_1_2' title="bbox 738 651 830 714; baseline 0.022 -2"><span class='ocrx_word' id='word_1_5' title='bbox 738 651 830 714; x_wconf 91' lang='lat' dir='ltr'><strong>LVII.</strong></span> 
     </span>
    </p>
   </div>
   <div class='ocr_carea' id='block_1_3' title="bbox 345 763 1301 1098">
    <p class='ocr_par' dir='ltr' id='par_1_3' title="bbox 347 763 1222 930">
     <span class='ocr_line' id='line_1_3' title="bbox 347 763 1222 848; baseline 0.006 -22"><span class='ocrx_word' id='word_1_6' title='bbox 347 763 497 845; x_wconf 77' lang='lat' dir='ltr'><strong>Qualem,</strong></span> <span class='ocrx_word' id='word_1_7' title='bbox 518 765 648 846; x_wconf 81' lang='lat' dir='ltr'><strong>Flacca,</strong></span> <span class='ocrx_word' id='word_1_8' title='bbox 668 766 762 828; x_wconf 87' lang='lat' dir='ltr'><strong>velim</strong></span> <span class='ocrx_word' id='word_1_9' title='bbox 776 769 900 846; x_wconf 86' lang='lat' dir='ltr'><strong>qnaeris</strong></span> <span class='ocrx_word' id='word_1_10' title='bbox 914 768 1047 828; x_wconf 81' lang='lat' dir='ltr'><strong>nolimve</strong></span> <span class='ocrx_word' id='word_1_11' title='bbox 1062 767 1222 848; x_wconf 77' lang='lat' dir='ltr'><strong>puellam?</strong></span> 
     </span>
     <span class='ocr_line' id='line_1_4' title="bbox 388 849 1069 930; baseline 0.004 -20"><span class='ocrx_word' id='word_1_12' title='bbox 388 849 471 910; x_wconf 94' lang='lat' dir='ltr'><strong>Nolo</strong></span> <span class='ocrx_word' id='word_1_13' title='bbox 487 852 579 911; x_wconf 85' lang='lat' dir='ltr'><strong>nimia</strong></span> <span class='ocrx_word' id='word_1_14' title='bbox 593 850 718 911; x_wconf 80' lang='lat' dir='ltr'><strong>facilem</strong></span> <span class='ocrx_word' id='word_1_15' title='bbox 733 851 953 930; x_wconf 88' lang='lat' dir='ltr'><strong>difficilemque</strong></span> <span class='ocrx_word' id='word_1_16' title='bbox 970 853 1069 914; x_wconf 86' lang='lat' dir='ltr'><strong>nimis.</strong></span> 
     </span>
    </p>

    <p class='ocr_par' dir='ltr' id='par_1_4' title="bbox 345 933 1301 1098">
     <span class='ocr_line' id='line_1_5' title="bbox 345 933 1301 1016; baseline 0.003 -21"><span class='ocrx_word' id='word_1_17' title='bbox 345 933 428 995; x_wconf 92' lang='lat' dir='ltr'><strong>lllud</strong></span> <span class='ocrx_word' id='word_1_18' title='bbox 441 933 526 1013; x_wconf 91' lang='lat' dir='ltr'><strong>quod</strong></span> <span class='ocrx_word' id='word_1_19' title='bbox 536 933 671 995; x_wconf 91' lang='lat' dir='ltr'><strong>medium</strong></span> <span class='ocrx_word' id='word_1_20' title='bbox 686 941 734 994; x_wconf 90' lang='lat' dir='ltr'><strong>est</strong></span> <span class='ocrx_word' id='word_1_21' title='bbox 748 941 840 1014; x_wconf 91' lang='lat' dir='ltr'><strong>atque</strong></span> <span class='ocrx_word' id='word_1_22' title='bbox 851 937 934 995; x_wconf 89' lang='lat' dir='ltr'><strong>inter</strong></span> <span class='ocrx_word' id='word_1_23' title='bbox 946 941 1108 1013; x_wconf 88' lang='lat' dir='ltr'><strong>utrumque</strong></span> <span class='ocrx_word' id='word_1_24' title='bbox 1122 939 1301 1016; x_wconf 81' lang='lat' dir='ltr'><strong>probamus:</strong></span> 
     </span>
     <span class='ocr_line' id='line_1_6' title="bbox 386 1017 1156 1098; baseline 0.003 -20"><span class='ocrx_word' id='word_1_25' title='bbox 386 1019 455 1079; x_wconf 85' lang='lat' dir='ltr'><strong>Nec</strong></span> <span class='ocrx_word' id='word_1_26' title='bbox 467 1017 538 1079; x_wconf 87' lang='lat' dir='ltr'><strong>volo</strong></span> <span class='ocrx_word' id='word_1_27' title='bbox 555 1017 638 1098; x_wconf 94' lang='lat' dir='ltr'><strong>qnod</strong></span> <span class='ocrx_word' id='word_1_28' title='bbox 654 1019 784 1097; x_wconf 89' lang='lat' dir='ltr'><strong>cruciat,</strong></span> <span class='ocrx_word' id='word_1_29' title='bbox 806 1038 865 1078; x_wconf 93' lang='lat' dir='ltr'><strong>nec</strong></span> <span class='ocrx_word' id='word_1_30' title='bbox 879 1017 949 1079; x_wconf 84' lang='lat' dir='ltr'><strong>volo</strong></span> <span class='ocrx_word' id='word_1_31' title='bbox 963 1019 1044 1098; x_wconf 91' lang='lat' dir='ltr'><strong>quod</strong></span> <span class='ocrx_word' id='word_1_32' title='bbox 1058 1022 1156 1081; x_wconf 86' lang='lat' dir='ltr'><strong>satiat.</strong></span> 
     </span>
    </p>
   </div>
   <div class='ocr_carea' id='block_1_4' title="bbox 734 1151 840 1214">
    <p class='ocr_par' dir='ltr' id='par_1_5' title="bbox 734 1151 840 1214">
     <span class='ocr_line' id='line_1_7' title="bbox 734 1151 840 1214; baseline -0.009 -2"><span class='ocrx_word' id='word_1_33' title='bbox 734 1151 840 1214; x_wconf 91' lang='lat' dir='ltr'><strong>LVlll.</strong></span> 
     </span>
    </p>
   </div>
   <div class='ocr_carea' id='block_1_5' title="bbox 323 1262 1191 1764">
    <p class='ocr_par' dir='ltr' id='par_1_6' title="bbox 323 1262 1191 1764">
     <span class='ocr_line' id='line_1_8' title="bbox 344 1262 1120 1346; baseline 0 -22"><span class='ocrx_word' id='word_1_34' title='bbox 344 1262 438 1325; x_wconf 84' lang='lat' dir='ltr'><strong>Milia</strong></span> <span class='ocrx_word' id='word_1_35' title='bbox 452 1283 510 1344; x_wconf 88' lang='lat' dir='ltr'><strong>pro</strong></span> <span class='ocrx_word' id='word_1_36' title='bbox 524 1283 622 1345; x_wconf 91' lang='lat' dir='ltr'><strong>puero</strong></span> <span class='ocrx_word' id='word_1_37' title='bbox 639 1271 761 1325; x_wconf 90' lang='lat' dir='ltr'><strong>centnm</strong></span> <span class='ocrx_word' id='word_1_38' title='bbox 775 1284 825 1325; x_wconf 90' lang='lat' dir='ltr'><strong>me</strong></span> <span class='ocrx_word' id='word_1_39' title='bbox 840 1285 948 1344; x_wconf 83' lang='lat' dir='ltr'><strong>mango</strong></span> <span class='ocrx_word' id='word_1_40' title='bbox 964 1266 1120 1346; x_wconf 75' lang='lat' dir='ltr'><strong>poposcit:</strong></span> 
     </span>
     <span class='ocr_line' id='line_1_9' title="bbox 386 1347 1189 1429; baseline 0 -21"><span class='ocrx_word' id='word_1_41' title='bbox 386 1348 456 1408; x_wconf 85' lang='lat' dir='ltr'><strong>Risi</strong></span> <span class='ocrx_word' id='word_1_42' title='bbox 471 1366 547 1426; x_wconf 83' lang='lat' dir='ltr'><strong>ego,</strong></span> <span class='ocrx_word' id='word_1_43' title='bbox 570 1347 626 1408; x_wconf 88' lang='lat' dir='ltr'><strong>sed</strong></span> <span class='ocrx_word' id='word_1_44' title='bbox 641 1350 785 1409; x_wconf 89' lang='lat' dir='ltr'><strong>Phoebus</strong></span> <span class='ocrx_word' id='word_1_45' title='bbox 799 1351 940 1429; x_wconf 83' lang='lat' dir='ltr'><strong>protinus</strong></span> <span class='ocrx_word' id='word_1_46' title='bbox 955 1349 1009 1409; x_wconf 91' lang='lat' dir='ltr'><strong>illa</strong></span> <span class='ocrx_word' id='word_1_47' title='bbox 1025 1348 1120 1410; x_wconf 86' lang='lat' dir='ltr'><strong>dedit.</strong></span> <span class='ocrx_word' id='word_1_48' title='bbox 1184 1366 1189 1375; x_wconf 92' lang='lat'><em>·</em></span> 
     </span>
     <span class='ocr_line' id='line_1_10' title="bbox 344 1430 1191 1512; baseline 0.004 -21"><span class='ocrx_word' id='word_1_49' title='bbox 344 1431 415 1492; x_wconf 88' lang='lat' dir='ltr'><strong>Hoc</strong></span> <span class='ocrx_word' id='word_1_50' title='bbox 430 1430 519 1491; x_wconf 89' lang='lat' dir='ltr'><strong>dolet</strong></span> <span class='ocrx_word' id='word_1_51' title='bbox 533 1439 566 1491; x_wconf 89' lang='lat' dir='ltr'><strong>et</strong></span> <span class='ocrx_word' id='word_1_52' title='bbox 580 1434 721 1512; x_wconf 83' lang='lat' dir='ltr'><strong>queritur</strong></span> <span class='ocrx_word' id='word_1_53' title='bbox 735 1432 775 1492; x_wconf 91' lang='lat' dir='ltr'><strong>de</strong></span> <span class='ocrx_word' id='word_1_54' title='bbox 789 1452 838 1492; x_wconf 89' lang='lat' dir='ltr'><strong>me</strong></span> <span class='ocrx_word' id='word_1_55' title='bbox 855 1452 922 1491; x_wconf 89' lang='lat' dir='ltr'><strong>mea</strong></span> <span class='ocrx_word' id='word_1_56' title='bbox 935 1431 1072 1492; x_wconf 84' lang='lat' dir='ltr'><strong>mentula</strong></span> <span class='ocrx_word' id='word_1_57' title='bbox 1086 1453 1191 1494; x_wconf 90' lang='lat' dir='ltr'><strong>secum</strong></span> 
     </span>
     <span class='ocr_line' id='line_1_11' title="bbox 387 1514 1091 1592; baseline 0.003 -17"><span class='ocrx_word' id='word_1_58' title='bbox 387 1514 607 1592; x_wconf 80' lang='lat' dir='ltr'><strong>Laudaturque</strong></span> <span class='ocrx_word' id='word_1_59' title='bbox 622 1535 719 1576; x_wconf 88' lang='lat' dir='ltr'><strong>meam</strong></span> <span class='ocrx_word' id='word_1_60' title='bbox 734 1517 877 1575; x_wconf 89' lang='lat' dir='ltr'><strong>Phoebus</strong></span> <span class='ocrx_word' id='word_1_61' title='bbox 891 1518 924 1576; x_wconf 91' lang='lat' dir='ltr'><strong>in</strong></span> <span class='ocrx_word' id='word_1_62' title='bbox 938 1516 1091 1577; x_wconf 88' lang='lat' dir='ltr'><strong>invidiam.</strong></span> 
     </span>
     <span class='ocr_line' id='line_1_12' title="bbox 323 1597 1071 1663; baseline -0.004 0"><span class='ocrx_word' id='word_1_63' title='bbox 323 1597 412 1663; x_wconf 72' lang='lat' dir='ltr'><strong>tssed</strong></span> <span class='ocrx_word' id='word_1_64' title='bbox 426 1598 638 1659; x_wconf 79' lang='lat' dir='ltr'><strong>sestertiolum</strong></span> <span class='ocrx_word' id='word_1_65' title='bbox 654 1598 778 1659; x_wconf 87' lang='lat' dir='ltr'><strong>donavit</strong></span> <span class='ocrx_word' id='word_1_66' title='bbox 793 1598 930 1658; x_wconf 86' lang='lat' dir='ltr'><strong>mentula</strong></span> <span class='ocrx_word' id='word_1_67' title='bbox 944 1600 1071 1660; x_wconf 90' lang='lat' dir='ltr'><strong>Phoebo</strong></span> 
     </span>
     <span class='ocr_line' id='line_1_13' title="bbox 388 1681 1137 1764; baseline 0.003 -22"><span class='ocrx_word' id='word_1_68' title='bbox 388 1683 442 1742; x_wconf 88' lang='lat' dir='ltr'><strong>Bis</strong></span> <span class='ocrx_word' id='word_1_69' title='bbox 457 1681 599 1744; x_wconf 82' lang='lat' dir='ltr'><strong>deciens:</strong></span> <span class='ocrx_word' id='word_1_70' title='bbox 622 1685 682 1744; x_wconf 89' lang='lat' dir='ltr'><strong>boc</strong></span> <span class='ocrx_word' id='word_1_71' title='bbox 697 1683 783 1744; x_wconf 90' lang='lat' dir='ltr'><strong>datu</strong></span> <span class='ocrx_word' id='word_1_72' title='bbox 801 1685 894 1761; x_wconf 83' lang='lat' dir='ltr'><strong>milri,</strong></span> <span class='ocrx_word' id='word_1_73' title='bbox 915 1682 1015 1764; x_wconf 89' lang='lat' dir='ltr'><strong>pluris</strong></span> <span class='ocrx_word' id='word_1_74' title='bbox 1031 1702 1137 1745; x_wconf 89' lang='lat' dir='ltr'><strong>emam.</strong></span> 
     </span>
    </p>
   </div>
   <div class='ocr_carea' id='block_1_6' title="bbox 748 1817 826 1878">
    <p class='ocr_par' dir='ltr' id='par_1_7' title="bbox 748 1817 826 1878">
     <span class='ocr_line' id='line_1_14' title="bbox 748 1817 826 1878; baseline 0.013 -1"><span class='ocrx_word' id='word_1_75' title='bbox 748 1817 826 1878; x_wconf 87' lang='lat' dir='ltr'>LIX.</span> 
     </span>
    </p>
   </div>
   <div class='ocr_carea' id='block_1_7' title="bbox 346 1929 1244 2265">
    <p class='ocr_par' dir='ltr' id='par_1_8' title="bbox 347 1929 1134 2091">
     <span class='ocr_line' id='line_1_15' title="bbox 347 1929 1134 2010; baseline 0.003 -20"><span class='ocrx_word' id='word_1_76' title='bbox 347 1931 406 1991; x_wconf 86' lang='lat' dir='ltr'><strong>Dat</strong></span> <span class='ocrx_word' id='word_1_77' title='bbox 424 1931 539 1990; x_wconf 87' lang='lat' dir='ltr'><strong>Baiana</strong></span> <span class='ocrx_word' id='word_1_78' title='bbox 553 1931 630 1990; x_wconf 85' lang='lat' dir='ltr'><strong>milri</strong></span> <span class='ocrx_word' id='word_1_79' title='bbox 644 1929 832 2009; x_wconf 88' lang='lat' dir='ltr'><strong>quadrantes</strong></span> <span class='ocrx_word' id='word_1_80' title='bbox 848 1929 987 2010; x_wconf 79' lang='lat' dir='ltr'><strong>sportula</strong></span> <span class='ocrx_word' id='word_1_81' title='bbox 1003 1936 1134 1992; x_wconf 91' lang='lat' dir='ltr'><strong>centum.</strong></span> 
     </span>
     <span class='ocr_line' id='line_1_16' title="bbox 388 2013 1005 2091; baseline -0.006 -17"><span class='ocrx_word' id='word_1_82' title='bbox 388 2015 475 2074; x_wconf 86' lang='lat' dir='ltr'><strong>Inter</strong></span> <span class='ocrx_word' id='word_1_83' title='bbox 492 2013 619 2075; x_wconf 88' lang='lat' dir='ltr'><strong>delicias</strong></span> <span class='ocrx_word' id='word_1_84' title='bbox 637 2014 712 2091; x_wconf 91' lang='lat' dir='ltr'><strong>quid</strong></span> <span class='ocrx_word' id='word_1_85' title='bbox 725 2015 801 2074; x_wconf 89' lang='lat' dir='ltr'><strong>facit</strong></span> <span class='ocrx_word' id='word_1_86' title='bbox 814 2017 874 2074; x_wconf 89' lang='lat' dir='ltr'><strong>ista</strong></span> <span class='ocrx_word' id='word_1_87' title='bbox 887 2013 1005 2073; x_wconf 75' lang='lat' dir='ltr'><strong>fumes?</strong></span> 
     </span>
    </p>

    <p class='ocr_par' dir='ltr' id='par_1_9' title="bbox 346 2095 1244 2265">
     <span class='ocr_line' id='line_1_17' title="bbox 346 2095 1155 2177; baseline -0.005 -19"><span class='ocrx_word' id='word_1_88' title='bbox 346 2096 457 2158; x_wconf 85' lang='lat' dir='ltr'><strong>Redde</strong></span> <span class='ocrx_word' id='word_1_89' title='bbox 472 2098 552 2177; x_wconf 89' lang='lat' dir='ltr'><strong>Lupi</strong></span> <span class='ocrx_word' id='word_1_90' title='bbox 566 2099 655 2157; x_wconf 91' lang='lat' dir='ltr'><strong>nobis</strong></span> <span class='ocrx_word' id='word_1_91' title='bbox 671 2100 897 2177; x_wconf 89' lang='lat' dir='ltr'><strong>tenebrosaque</strong></span> <span class='ocrx_word' id='word_1_92' title='bbox 913 2095 1023 2157; x_wconf 90' lang='lat' dir='ltr'><strong>balnea</strong></span> <span class='ocrx_word' id='word_1_93' title='bbox 1039 2095 1155 2174; x_wconf 81' lang='lat' dir='ltr'><strong>Grylli:</strong></span> 
     </span>
     <span class='ocr_line' id='line_1_18' title="bbox 388 2178 1244 2265; baseline -0.004 -23"><span class='ocrx_word' id='word_1_94' title='bbox 388 2181 467 2242; x_wconf 86' lang='lat' dir='ltr'><strong>Tam</strong></span> <span class='ocrx_word' id='word_1_95' title='bbox 481 2181 646 2265; x_wconf 87' lang='lat' dir='ltr'><strong>malecum</strong></span> <span class='ocrx_word' id='word_1_96' title='bbox 661 2199 782 2265; x_wconf 83' lang='lat' dir='ltr'><strong>cenem,</strong></span> <span class='ocrx_word' id='word_1_97' title='bbox 808 2184 973 2259; x_wconf 80' lang='lat' dir='ltr'><strong>carbone,</strong></span> <span class='ocrx_word' id='word_1_98' title='bbox 993 2178 1120 2259; x_wconf 79' lang='lat' dir='ltr'><strong>Flacco,</strong></span> <span class='ocrx_word' id='word_1_99' title='bbox 1137 2180 1244 2240; x_wconf 70' lang='lat' dir='ltr'><strong>laver?</strong></span> 
     </span>
    </p>
   </div>
   <div class='ocr_carea' id='block_1_8' title="bbox 747 2331 812 2394">
    <p class='ocr_par' dir='ltr' id='par_1_10' title="bbox 747 2331 812 2394">
     <span class='ocr_line' id='line_1_19' title="bbox 747 2331 812 2394; baseline 0.046 -3"><span class='ocrx_word' id='word_1_100' title='bbox 747 2331 812 2394; x_wconf 87' lang='lat' dir='ltr'><strong>LX.</strong></span> 
     </span>
    </p>
   </div>
   <div class='ocr_carea' id='block_1_9' title="bbox 305 2440 1344 2943">
    <p class='ocr_par' dir='ltr' id='par_1_11' title="bbox 305 2440 1344 2943">
     <span class='ocr_line' id='line_1_20' title="bbox 350 2440 1054 2523; baseline 0.003 -21"><span class='ocrx_word' id='word_1_101' title='bbox 350 2443 448 2504; x_wconf 80' lang='lat' dir='ltr'><strong>lntrea</strong></span> <span class='ocrx_word' id='word_1_102' title='bbox 462 2441 562 2522; x_wconf 88' lang='lat' dir='ltr'><strong>ampla</strong></span> <span class='ocrx_word' id='word_1_103' title='bbox 574 2441 651 2503; x_wconf 90' lang='lat' dir='ltr'><strong>licet</strong></span> <span class='ocrx_word' id='word_1_104' title='bbox 665 2444 746 2504; x_wconf 75' lang='lat' dir='ltr'><strong>torvi</strong></span> <span class='ocrx_word' id='word_1_105' title='bbox 759 2440 851 2523; x_wconf 86' lang='lat' dir='ltr'><strong>lepus</strong></span> <span class='ocrx_word' id='word_1_106' title='bbox 867 2465 921 2504; x_wconf 91' lang='lat' dir='ltr'><strong>ora</strong></span> <span class='ocrx_word' id='word_1_107' title='bbox 935 2443 1054 2523; x_wconf 87' lang='lat' dir='ltr'><strong>leonis,</strong></span> 
     </span>
     <span class='ocr_line' id='line_1_21' title="bbox 388 2526 1030 2608; baseline 0.002 -21"><span class='ocrx_word' id='word_1_108' title='bbox 388 2529 467 2588; x_wconf 83' lang='lat' dir='ltr'><strong>Esse</strong></span> <span class='ocrx_word' id='word_1_109' title='bbox 481 2533 585 2586; x_wconf 92' lang='lat' dir='ltr'><strong>tamen</strong></span> <span class='ocrx_word' id='word_1_110' title='bbox 598 2547 693 2587; x_wconf 89' lang='lat' dir='ltr'><strong>vacuo</strong></span> <span class='ocrx_word' id='word_1_111' title='bbox 708 2546 742 2587; x_wconf 88' lang='lat' dir='ltr'><strong>se</strong></span> <span class='ocrx_word' id='word_1_112' title='bbox 756 2526 809 2587; x_wconf 89' lang='lat' dir='ltr'><strong>leo</strong></span> <span class='ocrx_word' id='word_1_113' title='bbox 825 2527 919 2588; x_wconf 92' lang='lat' dir='ltr'><strong>dente</strong></span> <span class='ocrx_word' id='word_1_114' title='bbox 933 2534 1030 2608; x_wconf 90' lang='lat' dir='ltr'><strong>putat.</strong></span> 
     </span>
     <span class='ocr_line' id='line_1_22' title="bbox 353 2610 1344 2691; baseline 0.002 -21"><span class='ocrx_word' id='word_1_115' title='bbox 353 2611 438 2688; x_wconf 77' lang='lat' dir='ltr'><strong>Quod</strong></span> <span class='ocrx_word' id='word_1_116' title='bbox 452 2616 523 2671; x_wconf 90' lang='lat' dir='ltr'><strong>ruet</strong></span> <span class='ocrx_word' id='word_1_117' title='bbox 537 2611 571 2669; x_wconf 90' lang='lat' dir='ltr'><strong>in</strong></span> <span class='ocrx_word' id='word_1_118' title='bbox 584 2615 706 2689; x_wconf 82' lang='lat' dir='ltr'><strong>tergum</strong></span> <span class='ocrx_word' id='word_1_119' title='bbox 720 2610 771 2670; x_wconf 84' lang='lat' dir='ltr'><strong>vel</strong></span> <span class='ocrx_word' id='word_1_120' title='bbox 788 2632 864 2689; x_wconf 88' lang='lat' dir='ltr'><strong>quos</strong></span> <span class='ocrx_word' id='word_1_121' title='bbox 879 2614 1062 2691; x_wconf 88' lang='lat' dir='ltr'><strong>procumbet</strong></span> <span class='ocrx_word' id='word_1_122' title='bbox 1073 2612 1106 2684; x_wconf 87' lang='lat' dir='ltr'><strong>in</strong></span> <span class='ocrx_word' id='word_1_123' title='bbox 1124 2631 1241 2690; x_wconf 84' lang='lat' dir='ltr'><strong>armos,</strong></span> <span class='ocrx_word' id='word_1_124' title='bbox 1341 2629 1344 2636; x_wconf 88' lang='lat'>·</span> 
     </span>
     <span class='ocr_line' id='line_1_23' title="bbox 389 2693 999 2774; baseline 0.002 -19"><span class='ocrx_word' id='word_1_125' title='bbox 389 2693 462 2755; x_wconf 84' lang='lat' dir='ltr'><strong>Alta</strong></span> <span class='ocrx_word' id='word_1_126' title='bbox 475 2696 674 2754; x_wconf 82' lang='lat' dir='ltr'><strong>iuvencorum</strong></span> <span class='ocrx_word' id='word_1_127' title='bbox 688 2693 817 2755; x_wconf 85' lang='lat' dir='ltr'><strong>vulnera</strong></span> <span class='ocrx_word' id='word_1_128' title='bbox 831 2697 908 2774; x_wconf 84' lang='lat' dir='ltr'><strong>figet</strong></span> <span class='ocrx_word' id='word_1_129' title='bbox 921 2697 999 2756; x_wconf 71' lang='lat' dir='ltr'><strong>ubi?</strong></span> 
     </span>
     <span class='ocr_line' id='line_1_24' title="bbox 305 2777 1232 2861; baseline 0.004 -27"><span class='ocrx_word' id='word_1_130' title='bbox 305 2806 308 2813; x_wconf 91' lang='lat'>·</span> <span class='ocrx_word' id='word_1_131' title='bbox 337 2777 431 2854; x_wconf 76' lang='lat' dir='ltr'><strong>5Quid</strong></span> <span class='ocrx_word' id='word_1_132' title='bbox 445 2779 563 2838; x_wconf 86' lang='lat' dir='ltr'><strong>frustra</strong></span> <span class='ocrx_word' id='word_1_133' title='bbox 574 2797 735 2838; x_wconf 91' lang='lat' dir='ltr'><strong>nemorum</strong></span> <span class='ocrx_word' id='word_1_134' title='bbox 750 2777 904 2839; x_wconf 89' lang='lat' dir='ltr'><strong>dominum</strong></span> <span class='ocrx_word' id='word_1_135' title='bbox 919 2798 1086 2861; x_wconf 81' lang='lat' dir='ltr'><strong>regemque</strong></span> <span class='ocrx_word' id='word_1_136' title='bbox 1099 2780 1232 2860; x_wconf 72' lang='lat' dir='ltr'><strong>fatigas?</strong></span> 
     </span>
     <span class='ocr_line' id='line_1_25' title="bbox 368 2859 981 2943; baseline 0.008 -21"><span class='ocrx_word' id='word_1_137' title='bbox 368 2874 370 2879; x_wconf 82' lang='lat'>&#39;</span> <span class='ocrx_word' id='word_1_138' title='bbox 389 2863 457 2922; x_wconf 94' lang='lat' dir='ltr'><strong>Non</strong></span> <span class='ocrx_word' id='word_1_139' title='bbox 471 2862 532 2921; x_wconf 92' lang='lat' dir='ltr'><strong>nisi</strong></span> <span class='ocrx_word' id='word_1_140' title='bbox 547 2859 668 2922; x_wconf 90' lang='lat' dir='ltr'><strong>delecta</strong></span> <span class='ocrx_word' id='word_1_141' title='bbox 682 2865 820 2943; x_wconf 89' lang='lat' dir='ltr'><strong>pascitur</strong></span> <span class='ocrx_word' id='word_1_142' title='bbox 834 2862 888 2923; x_wconf 94' lang='lat' dir='ltr'><strong>ille</strong></span> <span class='ocrx_word' id='word_1_143' title='bbox 902 2865 981 2928; x_wconf 86' lang='lat' dir='ltr'><strong>fera.</strong></span> 
     </span>
    </p>
   </div>
   <div class='ocr_carea' id='block_1_10' title="bbox 741 2996 819 3056">
    <p class='ocr_par' dir='ltr' id='par_1_12' title="bbox 741 2996 819 3056">
     <span class='ocr_line' id='line_1_26' title="bbox 741 2996 819 3056; baseline 0.013 -1"><span class='ocrx_word' id='word_1_144' title='bbox 741 2996 819 3056; x_wconf 85' lang='lat' dir='ltr'><strong>LXI.</strong></span> 
     </span>
    </p>
   </div>
   <div class='ocr_carea' id='block_1_11' title="bbox 345 3107 1012 3775">
    <p class='ocr_par' dir='ltr' id='par_1_13' title="bbox 356 3107 922 3271">
     <span class='ocr_line' id='line_1_27' title="bbox 356 3107 922 3190; baseline 0.005 -22"><span class='ocrx_word' id='word_1_145' title='bbox 356 3107 471 3169; x_wconf 88' lang='lat' dir='ltr'><strong>Verona</strong></span> <span class='ocrx_word' id='word_1_146' title='bbox 487 3108 571 3168; x_wconf 92' lang='lat' dir='ltr'><strong>docti</strong></span> <span class='ocrx_word' id='word_1_147' title='bbox 586 3107 719 3187; x_wconf 84' lang='lat' dir='ltr'><strong>syllabas</strong></span> <span class='ocrx_word' id='word_1_148' title='bbox 734 3117 814 3171; x_wconf 88' lang='lat' dir='ltr'><strong>amnt</strong></span> <span class='ocrx_word' id='word_1_149' title='bbox 827 3112 922 3190; x_wconf 81' lang='lat' dir='ltr'><strong>vatis,</strong></span> 
     </span>
     <span class='ocr_line' id='line_1_28' title="bbox 390 3191 830 3271; baseline 0.002 -18"><span class='ocrx_word' id='word_1_150' title='bbox 390 3194 519 3254; x_wconf 89' lang='lat' dir='ltr'><strong>Marone</strong></span> <span class='ocrx_word' id='word_1_151' title='bbox 534 3191 611 3252; x_wconf 83' lang='lat' dir='ltr'><strong>felix</strong></span> <span class='ocrx_word' id='word_1_152' title='bbox 624 3194 752 3253; x_wconf 89' lang='lat' dir='ltr'><strong>Mantua</strong></span> <span class='ocrx_word' id='word_1_153' title='bbox 766 3200 830 3271; x_wconf 87' lang='lat' dir='ltr'><strong>est,</strong></span> 
     </span>
    </p>

    <p class='ocr_par' dir='ltr' id='par_1_14' title="bbox 358 3274 905 3439">
     <span class='ocr_line' id='line_1_29' title="bbox 358 3274 905 3357; baseline 0.007 -23"><span class='ocrx_word' id='word_1_154' title='bbox 358 3274 501 3337; x_wconf 77' lang='lat' dir='ltr'><strong>densetur</strong></span> <span class='ocrx_word' id='word_1_155' title='bbox 515 3277 624 3357; x_wconf 83' lang='lat' dir='ltr'><strong>Apono</strong></span> <span class='ocrx_word' id='word_1_156' title='bbox 640 3277 725 3336; x_wconf 88' lang='lat' dir='ltr'><strong>Livio</strong></span> <span class='ocrx_word' id='word_1_157' title='bbox 740 3297 794 3337; x_wconf 92' lang='lat' dir='ltr'><strong>suo</strong></span> <span class='ocrx_word' id='word_1_158' title='bbox 811 3277 905 3339; x_wconf 90' lang='lat' dir='ltr'><strong>tellus</strong></span> 
     </span>
     <span class='ocr_line' id='line_1_30' title="bbox 393 3358 881 3439; baseline 0.002 -19"><span class='ocrx_word' id='word_1_159' title='bbox 393 3360 549 3439; x_wconf 84' lang='lat' dir='ltr'><strong>SteHuque</strong></span> <span class='ocrx_word' id='word_1_160' title='bbox 564 3378 623 3419; x_wconf 94' lang='lat' dir='ltr'><strong>nec</strong></span> <span class='ocrx_word' id='word_1_161' title='bbox 636 3358 748 3420; x_wconf 86' lang='lat' dir='ltr'><strong>Flacco</strong></span> <span class='ocrx_word' id='word_1_162' title='bbox 764 3363 881 3438; x_wconf 85' lang='lat' dir='ltr'><strong>minus,</strong></span> 
     </span>
    </p>

    <p class='ocr_par' dir='ltr' id='par_1_15' title="bbox 345 3441 971 3605">
     <span class='ocr_line' id='line_1_31' title="bbox 345 3441 971 3523; baseline 0.01 -25"><span class='ocrx_word' id='word_1_163' title='bbox 345 3441 538 3523; x_wconf 82' lang='lat' dir='ltr'><strong>tdpollodoro</strong></span> <span class='ocrx_word' id='word_1_164' title='bbox 554 3442 674 3522; x_wconf 92' lang='lat' dir='ltr'><strong>plaudit</strong></span> <span class='ocrx_word' id='word_1_165' title='bbox 686 3445 829 3505; x_wconf 85' lang='lat' dir='ltr'><strong>imbrifer</strong></span> <span class='ocrx_word' id='word_1_166' title='bbox 848 3445 971 3523; x_wconf 65' lang='lat' dir='ltr'><strong>Nilus,x</strong></span> 
     </span>
     <span class='ocr_line' id='line_1_32' title="bbox 391 3525 786 3605; baseline 0.003 -19"><span class='ocrx_word' id='word_1_167' title='bbox 391 3525 509 3588; x_wconf 89' lang='lat' dir='ltr'><strong>Nasone</strong></span> <span class='ocrx_word' id='word_1_168' title='bbox 523 3525 647 3605; x_wconf 84' lang='lat' dir='ltr'><strong>Peligni</strong></span> <span class='ocrx_word' id='word_1_169' title='bbox 660 3533 786 3605; x_wconf 84' lang='lat' dir='ltr'><strong>sonant,</strong></span> 
     </span>
    </p>

    <p class='ocr_par' dir='ltr' id='par_1_16' title="bbox 360 3605 1012 3775">
     <span class='ocr_line' id='line_1_33' title="bbox 360 3605 1012 3690; baseline 0.006 -24"><span class='ocrx_word' id='word_1_170' title='bbox 360 3605 491 3690; x_wconf 81' lang='lat' dir='ltr'><strong>lluosque</strong></span> <span class='ocrx_word' id='word_1_171' title='bbox 506 3611 642 3670; x_wconf 88' lang='lat' dir='ltr'><strong>Senecas</strong></span> <span class='ocrx_word' id='word_1_172' title='bbox 657 3611 843 3689; x_wconf 83' lang='lat' dir='ltr'><strong>unicumque</strong></span> <span class='ocrx_word' id='word_1_173' title='bbox 857 3611 1012 3671; x_wconf 89' lang='lat' dir='ltr'><strong>Lucanum</strong></span> 
     </span>
     <span class='ocr_line' id='line_1_34' title="bbox 390 3693 859 3775; baseline 0 -21"><span class='ocrx_word' id='word_1_174' title='bbox 390 3694 531 3757; x_wconf 84' lang='lat' dir='ltr'><strong>Facunda</strong></span> <span class='ocrx_word' id='word_1_175' title='bbox 544 3695 683 3775; x_wconf 86' lang='lat' dir='ltr'><strong>loquitur</strong></span> <span class='ocrx_word' id='word_1_176' title='bbox 698 3693 859 3773; x_wconf 80' lang='lat' dir='ltr'><strong>Corduba,</strong></span> 
     </span>
    </p>
   </div>
   <div class='ocr_carea' id='block_1_12' title="bbox 0 0 1638 4409">
    <p class='ocr_par' dir='ltr' id='par_1_17' title="bbox 0 0 1638 4409">
     <span class='ocr_line' id='line_1_35' title="bbox 0 0 1638 4409; baseline 0 0"><span class='ocrx_word' id='word_1_177' title='bbox 0 0 1638 4409; x_wconf 95' lang='lat' dir='ltr'><strong> </strong></span> 
     </span>
    </p>
   </div>
  </div>
 </body>
</html>
