3267 4409
526 483 866 548 miserrumum
879 476 1034 552 urujxu.
1206 452 1299 554 '235
1379 532 1385 539 .

755 689 807 751 IX.

311 868 313 872 ,
346 804 452 867 Palma
465 807 549 885 regit
563 812 703 885 nostros,
724 806 885 867 mitissime
901 804 1030 886 Caesar,
1051 807 1203 891 Hiberos,
1301 842 1306 851 ι

386 891 429 951 Et
442 889 563 972 placido
578 891 693 950 fruitur
706 909 764 970 pax
778 890 945 970 peregriua
959 892 1040 970 iugo.

345 976 428 1054 Ergo
445 977 559 1054 agimus
575 972 650 1034 laeti
664 980 750 1034 tanto
766 993 823 1054 pro
838 992 966 1035 munere
981 982 1101 1056 grates3
1142 1007 1150 1019 κ

386 1060 503 1130 Misisti
516 1077 618 1119 mores
631 1060 665 1118 iu
679 1056 749 1118 loca
762 1065 870 1119 nostra
883 1065 962 1122 tuos.

697 1192 801 1253 'K

310 1356 315 1383 ,
346 1313 451 1373 Habet
468 1310 631 1370 Airioauus
646 1273 784 1386 miliens,
805 1315 909 1370 tamen
924 1316 1034 1390 captat.

344 1396 484 1457 Fortuna
498 1392 603 1457 multis
619 1393 671 1456 dat
683 1395 789 1474 nimis,
811 1395 885 1455 satis
899 1392 988 1458 nulli.

761 1528 811 1589 XI.

318 1696 326 1703 ..
344 1647 511 1708 Parthenio
528 1644 593 1725 dio,
614 1647 717 1725 Musa,
738 1651 791 1707 tuo
805 1630 976 1726 nostroque
991 1645 1137 1726 salutem3

384 1733 461 1792 Nam
477 1733 544 1810 quis
559 1733 595 1791 ab
610 1732 709 1791 Aonio
722 1729 837 1810 largius
856 1751 944 1793 amne
959 1733 1060 1793 bibite

345 1816 439 1878 Cuius
453 1814 593 1895 Pimplea
608 1813 677 1894 lyra
692 1814 803 1876 olarior
819 1817 883 1877 exit
897 1819 934 1877 ab
950 1817 1061 1877 antro?

309 1942 312 1946 -
387 1901 485 1978 Quem
499 1899 568 1980 plus
583 1900 688 1958 Pierio
704 1898 743 1959 de
758 1919 853 1979 grege
867 1901 1012 1962 Phoebus
1028 1901 1129 1970 amati
1200 1914 1204 1922 ’

323 1985 388 2047 aEt
402 1986 429 2044 si
444 1985 544 2062 forte,
567 1982 623 2043 sed
636 1985 695 2043 hoc
710 1984 758 2043 vix
773 1990 822 2044 est
836 2002 980 2064 sperare,
1002 1986 1140 2063 vacabit,

388 2067 505 2128 Tradat
521 2074 554 2128 ut
568 2069 636 2148 ipse
652 2066 723 2127 duci
737 2069 871 2127 carmina
884 2073 1006 2145 nostra,
1028 2087 1121 2146 roga3

345 2154 496 2231 Quattuor
511 2158 544 2212 et
558 2158 675 2211 tautum
690 2151 892 2231 timidumque
910 2152 1098 2231 brevemque
1110 2150 1252 2213 libellum

385 2236 588 2300 Commendet
601 2237 704 2296 uerbis
718 2237 831 2316 „Hunc
844 2241 897 2296 tua
911 2234 1135 2316 Roma'legit.“

747 2370 812 2433 xil.

346 2485 455 2546 0muia
468 2483 641 2565 promittis,
664 2502 733 2544 cum
746 2488 812 2544 tota
826 2490 917 2544 uoote
931 2485 1056 2560 bibisti;

385 2570 480 2644 Maue
499 2567 578 2629 nihii
590 2573 740 2649 praestas.
771 2566 879 2648 Polio,
900 2587 989 2630 moue
1003 2570 1087 2632 bibe.
1212 2626 1215 2636 ,

743 2702 821 2764 ΧΙΠ.

344 2818 466 2896 Genus,
485 2817 601 2894 Aucto,
621 2812 703 2876 luori
717 2811 828 2874 divites
843 2814 959 2876 habent
972 2816 1058 2878 iram.
1146 2832 1148 2836 ·

322 2970 326 2974 ,
344 2900 472 2980 Odisse,
495 2920 584 2980 quam
598 2898 732 2978 donare,
753 2896 844 2959 vilius
858 2905 987 2962 constat.

740 3031 821 3094 XIV.

343 3147 472 3208 Parcius
486 3145 603 3223 utaris,
625 3162 753 3221 moneo,
773 3145 915 3224 rapiente
928 3141 1062 3223 veredo,

385 3231 511 3308 Prisce,
532 3247 592 3288 uec
605 3230 639 3288 iu
652 3227 778 3308 lepores
793 3235 856 3288 tum
869 3226 1023 3288 uiolentus
1038 3246 1100 3293 eas.

347 3316 447 3396 Saepe
462 3313 614 3374 satisfecit
627 3311 762 3394 praedae
775 3318 921 3391 venator,
942 3319 975 3374 et
989 3312 1053 3372 aori

387 3397 513 3459 Decidit
528 3416 689 3476 excussus,
709 3416 769 3458 neo
782 3396 956 3476 rediturus,
978 3414 1068 3477 equo.

325 3483 478 3546 filusidias
495 3487 530 3543 et
542 3502 665 3562 oampus
680 3482 788 3542 habet:
810 3500 870 3542 uec
883 3481 985 3560 fossa,
1003 3498 1064 3541 neo
1080 3497 1188 3560 agger,

387 3568 452 3628 Nec
466 3567 528 3626 siut
542 3587 613 3627 saxa
624 3565 717 3645 licet,
737 3563 851 3626 fallere
865 3564 957 3646 plana
970 3563 1082 3629 solent.
1155 3574 1158 3597 ¹

302 3716 311 3741 ,
348 3652 416 3712 Nou
432 3650 535 3710 deerit
549 3651 600 3730 qui
614 3657 700 3712 tauta
713 3651 772 3710 tibi
787 3648 961 3730 speotaoula
975 3655 1131 3731 praestet,

372 3766 374 3771 .
389 3734 506 3820 Invidia
519 3735 576 3796 fati
591 3734 647 3796 sed
660 3733 777 3796 leuiore
793 3733 892 3795 cadat.
