3267 4409
301 484 388 552 its
450 528 453 532 -
649 485 694 550 Μ.
709 482 1043 549 venundemus

817 688 869 752 IX.

409 801 539 864 Solvere
555 801 737 876 dodrantem
751 820 851 883 nuper
865 801 939 880 tibi,
961 801 1092 881 Quinte,
1114 800 1241 866 uolebat

449 888 566 970 Lippus
580 884 695 966 Hylas,
716 885 821 947 luscus
836 883 902 946 volt
915 885 990 946 dare
1005 886 1174 951 dimidium.
1277 917 1279 921 ·

409 973 525 1051 Accipe
540 972 779 1052 quamprimum3
800 970 904 1030 brevis
918 977 966 1030 est
982 973 1101 1046 occasio
1114 968 1207 1037 lucri.

451 1056 484 1116 Si
498 1057 596 1116 fuerit
610 1059 735 1136 caecus,
756 1053 803 1115 nil
816 1055 874 1115 tibi
890 1053 991 1116 solvet
1003 1054 1109 1136 Hylas.
1132 1084 1135 1088 ·

822 1188 862 1253 X.

410 1301 495 1363 Emit
507 1301 648 1363 lacernas
662 1301 786 1363 milibus
802 1301 909 1362 decem
924 1302 1036 1362 Bessus
1129 1298 1134 1311 '

410 1386 521 1465 Tyrias
539 1386 652 1468 eoloris
667 1388 785 1469 optimi.
814 1387 1006 1447 Luerilecit.'

411 1469 520 1549 „Adeo
535 1472 615 1533 bene
630 1473 748 1533 emit?“
769 1473 894 1550 inquis.¹
909 1471 1003 1532 Immo
1016 1489 1079 1530 non
1094 1470 1202 1536 solvet.

817 1606 870 1670 XI·

409 1719 592 1780 Pervenisse
610 1725 693 1780 tuam
707 1721 767 1781 lam
781 1726 814 1781 te
829 1722 889 1782 scit
900 1720 1027 1780 Rhenus
1041 1719 1074 1779 in
1088 1719 1213 1795 urbem;

450 1804 527 1864 Nam
541 1803 649 1886 populi
663 1824 754 1866 voees
769 1804 854 1865 audit
869 1811 901 1865 et
915 1804 972 1865 ille
986 1804 1042 1867 tni.

409 1887 592 1950 Sarmaticas
606 1889 699 1950 etiem
713 1895 822 1975 gentes
837 1890 1039 1967 Histrumque
1054 1888 1212 1970 Getasque

449 1973 602 2035 Laetitiae
620 1973 734 2035 clamor
748 1975 862 2034 terruit
876 1975 943 2054 ipse
957 1990 1064 2033 novae.

388 2058 490 2118 5Dnm
506 2058 643 2138 telunga
659 2078 746 2119 sacro
761 2066 948 2119 venerantur
963 2055 1071 2137 gaudia
1084 2057 1194 2136 Circo,
1228 2111 1233 2117 .

450 2143 547 2202 Nemo
564 2151 673 2223 quater
686 2145 795 2204 missos
810 2161 938 2204 currere
954 2142 1051 2202 sensit
1065 2159 1171 2221 equos.

409 2224 533 2286 Nullum
547 2228 643 2288 Roma
658 2227 783 2308 ducem,
804 2247 864 2289 nee
879 2236 911 2288 te
926 2228 986 2305 sle,
1009 2227 1139 2307 Caesar,
1155 2226 1282 2305 amavitfi

451 2311 499 2370 Te
514 2331 636 2391 qnoque
649 2314 709 2373 iam
726 2316 789 2373 n'on
802 2310 890 2394 plus,
911 2317 946 2372 ut
959 2308 1036 2372 velit
1047 2309 1133 2392 ipso,¹
1152 2314 1266 2394 potest.

809 2463 874 2525 XII.

410 2574 544 2655 Uxorem
562 2594 656 2654 qnare
671 2573 860 2657 locupletem
878 2574 992 2636 ducere
1006 2572 1119 2653 nolim,

452 2658 629 2734 Quaeritis?
660 2661 758 2721 Uxori
771 2664 890 2722 nubere
906 2658 980 2720 nolo
995 2677 1091 2722 meae.
1123 2672 1126 2676 '

410 2741 544 2803 Inferior
558 2749 697 2804 matrona
711 2764 765 2806 suo
780 2747 837 2824 sit,
858 2745 984 2822 Prisce,
1002 2745 1128 2804 marito:

451 2827 518 2887 Non
533 2825 624 2888 aliter
637 2828 716 2890 fiunt
725 2829 843 2890 femina
857 2830 965 2906 virque
978 2846 1080 2909 pares.
1115 2846 1123 2853 ’

806 2965 884 3028 ΧΙΙΙ.
985 2967 988 2972 ’

409 3046 513 3137 Morio
529 3075 630 3138 dietus
644 3083 726 3139 erat:
742 3079 852 3158 viginti
866 3075 990 3140 milibus
1004 3079 1072 3139 emi.

452 3160 561 3221 Redde
576 3163 652 3223 mihi
665 3183 823 3242 nummos,
845 3162 1038 3243 Gargiliane:
1059 3162 1148 3244 sapit.
1174 3159 1178 3166 ’

804 3295 885 3360 XIV.

390 3461 393 3467 .
410 3405 529 3473 Pallida
543 3427 583 3470 ne
598 3410 727 3473 Cilicum
742 3415 872 3474 timeant
885 3413 1022 3493 pomaria
1035 3412 1174 3472 brumam

451 3492 598 3556 Mordeat
614 3502 648 3556 et
660 3501 802 3557 tenerum
816 3497 930 3558 fortior
945 3514 1154 3577 annuemus,
1251 3492 1254 3497 ’

410 3573 559 3638 Hibernis
576 3580 697 3640 obieeta
713 3583 795 3642 notis
813 3580 986 3662 specularia
998 3599 1094 3662 puros

452 3659 629 3724 Admittunt
642 3663 725 3726 soles
743 3671 776 3726 et
792 3667 859 3727 sine
874 3666 961 3727 faece
977 3665 1068 3728 diem.
1166 3672 1177 3693 ³
1193 3700 1197 3705 ·
1224 3692 1230 3703 ·
1279 3724 1282 3733 .

385 3743 452 3802 snt
463 3745 538 3806 mihi
553 3746 632 3809 cella
646 3748 753 3832 datur,
773 3770 836 3812 nou
849 3757 915 3813 tota
928 3749 1012 3814 elusa
1025 3741 1183 3833 fenestre,
1200 3782 1203 3787 ·
1216 3838 1221 3845 Ι
1234 3844 1240 3869 l
