<?xml version="1.0" encoding="UTF-8"?>
<!DOCTYPE html PUBLIC "-//W3C//DTD XHTML 1.0 Transitional//EN"
    "http://www.w3.org/TR/xhtml1/DTD/xhtml1-transitional.dtd">
<html xmlns="http://www.w3.org/1999/xhtml" xml:lang="en" lang="en">
 <head>
  <title>
</title>
<meta http-equiv="Content-Type" content="text/html;charset=utf-8" />
  <meta name='ocr-system' content='tesseract 3.04.00' />
  <meta name='ocr-capabilities' content='ocr_page ocr_carea ocr_par ocr_line ocrx_word'/>
</head>
<body>
  <div class='ocr_page' id='page_1' title='image "./mvalmartialisep00martgoog_0421.png"; bbox 0 0 3267 4409; ppageno 0'>
   <div class='ocr_carea' id='block_1_1' title="bbox 286 432 971 523">
    <p class='ocr_par' dir='ltr' id='par_1_1' title="bbox 286 432 971 523">
     <span class='ocr_line' id='line_1_1' title="bbox 286 432 971 523; baseline 0.006 -20"><span class='ocrx_word' id='word_1_1' title='bbox 286 432 297 446; x_wconf 71' lang='grc'><strong>“</strong></span> <span class='ocrx_word' id='word_1_2' title='bbox 377 460 442 510; x_wconf 83' lang='lat' dir='ltr'>vm</span> <span class='ocrx_word' id='word_1_3' title='bbox 764 456 971 523; x_wconf 77' lang='lat' dir='ltr'>ensnuauuo.</span> 
     </span>
    </p>
   </div>
   <div class='ocr_carea' id='block_1_2' title="bbox 364 600 1355 2694">
    <p class='ocr_par' dir='ltr' id='par_1_2' title="bbox 364 600 1355 1683">
     <span class='ocr_line' id='line_1_2' title="bbox 375 600 1355 677; baseline 0.001 -17"><span class='ocrx_word' id='word_1_4' title='bbox 375 606 412 661; x_wconf 86' lang='lat' dir='ltr'>uis</span> <span class='ocrx_word' id='word_1_5' title='bbox 421 604 623 676; x_wconf 85' lang='lat' dir='ltr'>locupletissimus</span> <span class='ocrx_word' id='word_1_6' title='bbox 633 608 717 660; x_wconf 82' lang='lat' dir='ltr'>auctor</span> <span class='ocrx_word' id='word_1_7' title='bbox 726 605 785 660; x_wconf 81' lang='lat' dir='ltr'>satis</span> <span class='ocrx_word' id='word_1_8' title='bbox 795 606 871 672; x_wconf 84' lang='lat' dir='ltr'>cauit,</span> <span class='ocrx_word' id='word_1_9' title='bbox 883 610 911 659; x_wconf 91' lang='lat' dir='ltr'>ut</span> <span class='ocrx_word' id='word_1_10' title='bbox 922 603 1018 658; x_wconf 87' lang='lat' dir='ltr'>exilium</span> <span class='ocrx_word' id='word_1_11' title='bbox 1029 600 1116 674; x_wconf 80' lang='lat' dir='ltr'>poetae</span> <span class='ocrx_word' id='word_1_12' title='bbox 1125 618 1140 659; x_wconf 92' lang='lat' dir='ltr'>a</span> <span class='ocrx_word' id='word_1_13' title='bbox 1149 603 1237 661; x_wconf 88' lang='lat' dir='ltr'>mertis</span> <span class='ocrx_word' id='word_1_14' title='bbox 1245 610 1355 677; x_wconf 68' lang='lat' dir='ltr'>tmepore</span> 
     </span>
     <span class='ocr_line' id='line_1_3' title="bbox 376 687 1355 761; baseline 0.002 -16"><span class='ocrx_word' id='word_1_15' title='bbox 376 690 545 761; x_wconf 78' lang='lat' dir='ltr'><strong>seiungamus:</strong></span> <span class='ocrx_word' id='word_1_16' title='bbox 562 704 633 761; x_wconf 94' lang='lat' dir='ltr'>quem</span> <span class='ocrx_word' id='word_1_17' title='bbox 650 689 713 760; x_wconf 92' lang='lat' dir='ltr'>quod</span> <span class='ocrx_word' id='word_1_18' title='bbox 730 690 771 743; x_wconf 91' lang='lat' dir='ltr'>ille</span> <span class='ocrx_word' id='word_1_19' title='bbox 785 691 867 744; x_wconf 87' lang='lat' dir='ltr'>statim</span> <span class='ocrx_word' id='word_1_20' title='bbox 878 696 933 758; x_wconf 84' lang='lat' dir='ltr'>post</span> <span class='ocrx_word' id='word_1_21' title='bbox 944 693 1056 758; x_wconf 85' lang='lat' dir='ltr'>acceptes</span> <span class='ocrx_word' id='word_1_22' title='bbox 1070 687 1196 745; x_wconf 81' lang='lat' dir='ltr'>codicillos</span> <span class='ocrx_word' id='word_1_23' title='bbox 1205 688 1288 745; x_wconf 87' lang='lat' dir='ltr'>auimo</span> <span class='ocrx_word' id='word_1_24' title='bbox 1299 705 1355 747; x_wconf 89' lang='lat' dir='ltr'>con·</span> 
     </span>
     <span class='ocr_line' id='line_1_4' title="bbox 375 772 1355 845; baseline 0.002 -16"><span class='ocrx_word' id='word_1_25' title='bbox 375 780 508 829; x_wconf 81' lang='lat' dir='ltr'>stornatum</span> <span class='ocrx_word' id='word_1_26' title='bbox 519 788 549 827; x_wconf 84' lang='lat' dir='ltr'>ex</span> <span class='ocrx_word' id='word_1_27' title='bbox 559 774 708 845; x_wconf 72' lang='lat' dir='ltr'>aegritudine</span> <span class='ocrx_word' id='word_1_28' title='bbox 719 773 806 827; x_wconf 89' lang='lat' dir='ltr'>obiisse</span> <span class='ocrx_word' id='word_1_29' title='bbox 817 774 903 831; x_wconf 83' lang='lat' dir='ltr'>iactat.</span> <span class='ocrx_word' id='word_1_30' title='bbox 920 788 951 826; x_wconf 91' lang='lat' dir='ltr'>ne</span> <span class='ocrx_word' id='word_1_31' title='bbox 963 772 984 826; x_wconf 90' lang='lat' dir='ltr'>si</span> <span class='ocrx_word' id='word_1_32' title='bbox 994 772 1121 827; x_wconf 86' lang='lat' dir='ltr'>Traianum</span> <span class='ocrx_word' id='word_1_33' title='bbox 1131 773 1230 844; x_wconf 88' lang='lat' dir='ltr'>quidem</span> <span class='ocrx_word' id='word_1_34' title='bbox 1240 774 1355 831; x_wconf 88' lang='lat' dir='ltr'>retinere·</span> 
     </span>
     <span class='ocr_line' id='line_1_5' title="bbox 375 856 1353 928; baseline 0.001 -14"><span class='ocrx_word' id='word_1_35' title='bbox 375 874 445 924; x_wconf 91' lang='lat' dir='ltr'>mus,</span> <span class='ocrx_word' id='word_1_36' title='bbox 457 858 619 927; x_wconf 78' lang='lat' dir='ltr'>seminasset,</span> <span class='ocrx_word' id='word_1_37' title='bbox 636 858 691 928; x_wconf 87' lang='lat' dir='ltr'>quio</span> <span class='ocrx_word' id='word_1_38' title='bbox 701 857 836 912; x_wconf 87' lang='lat' dir='ltr'>iuvenalem</span> <span class='ocrx_word' id='word_1_39' title='bbox 853 858 881 913; x_wconf 93' lang='lat' dir='ltr'>ad</span> <span class='ocrx_word' id='word_1_40' title='bbox 893 856 1037 911; x_wconf 82' lang='lat' dir='ltr'>Hadrianum</span> <span class='ocrx_word' id='word_1_41' title='bbox 1052 871 1129 927; x_wconf 87' lang='lat' dir='ltr'>usque</span> <span class='ocrx_word' id='word_1_42' title='bbox 1144 857 1234 911; x_wconf 83' lang='lat' dir='ltr'>uixisse</span> <span class='ocrx_word' id='word_1_43' title='bbox 1251 866 1353 927; x_wconf 85' lang='lat' dir='ltr'>cunstat,</span> 
     </span>
     <span class='ocr_line' id='line_1_6' title="bbox 364 940 1355 1013; baseline 0 -14"><span class='ocrx_word' id='word_1_44' title='bbox 364 943 464 1002; x_wconf 82' lang='lat' dir='ltr'>nedum</span> <span class='ocrx_word' id='word_1_45' title='bbox 478 943 498 997; x_wconf 93' lang='lat' dir='ltr'>si</span> <span class='ocrx_word' id='word_1_46' title='bbox 508 941 683 1005; x_wconf 89' lang='lat' dir='ltr'>Domitianum,</span> <span class='ocrx_word' id='word_1_47' title='bbox 702 956 750 1012; x_wconf 95' lang='lat' dir='ltr'>quo</span> <span class='ocrx_word' id='word_1_48' title='bbox 765 948 862 995; x_wconf 91' lang='lat' dir='ltr'>mortuo</span> <span class='ocrx_word' id='word_1_49' title='bbox 877 942 901 995; x_wconf 91' lang='lat' dir='ltr'>iu</span> <span class='ocrx_word' id='word_1_50' title='bbox 912 940 1012 1010; x_wconf 85' lang='lat' dir='ltr'>patriam</span> <span class='ocrx_word' id='word_1_51' title='bbox 1031 954 1152 994; x_wconf 84' lang='lat' dir='ltr'>reuersum</span> <span class='ocrx_word' id='word_1_52' title='bbox 1170 955 1224 995; x_wconf 85' lang='lat' dir='ltr'>esse</span> <span class='ocrx_word' id='word_1_53' title='bbox 1239 942 1280 998; x_wconf 87' lang='lat' dir='ltr'>uel</span> <span class='ocrx_word' id='word_1_54' title='bbox 1296 942 1355 1013; x_wconf 85' lang='lat' dir='ltr'>lapis</span> 
     </span>
     <span class='ocr_line' id='line_1_7' title="bbox 375 1024 1354 1097; baseline 0.002 -16"><span class='ocrx_word' id='word_1_55' title='bbox 375 1028 416 1082; x_wconf 92' lang='lat' dir='ltr'>illc</span> <span class='ocrx_word' id='word_1_56' title='bbox 432 1027 525 1097; x_wconf 86' lang='lat' dir='ltr'>arguit;</span> <span class='ocrx_word' id='word_1_57' title='bbox 548 1026 612 1096; x_wconf 78' lang='grc' dir='ltr'>ιιιιιιι</span> <span class='ocrx_word' id='word_1_58' title='bbox 628 1040 659 1079; x_wconf 94' lang='lat' dir='ltr'>ne</span> <span class='ocrx_word' id='word_1_59' title='bbox 670 1024 717 1079; x_wconf 95' lang='lat' dir='ltr'>hoc</span> <span class='ocrx_word' id='word_1_60' title='bbox 732 1026 829 1096; x_wconf 91' lang='lat' dir='ltr'>quidem</span> <span class='ocrx_word' id='word_1_61' title='bbox 847 1040 930 1080; x_wconf 89' lang='lat' dir='ltr'>omues</span> <span class='ocrx_word' id='word_1_62' title='bbox 946 1024 1105 1079; x_wconf 87' lang='lat' dir='ltr'>communiter</span> <span class='ocrx_word' id='word_1_63' title='bbox 1120 1025 1231 1092; x_wconf 88' lang='lat' dir='ltr'>tradunt,</span> <span class='ocrx_word' id='word_1_64' title='bbox 1248 1027 1294 1083; x_wconf 86' lang='lat' dir='ltr'>sed</span> <span class='ocrx_word' id='word_1_65' title='bbox 1311 1027 1354 1083; x_wconf 82' lang='lat' dir='ltr'>els&#39;</span> 
     </span>
     <span class='ocr_line' id='line_1_8' title="bbox 374 1108 1354 1181; baseline 0.001 -16"><span class='ocrx_word' id='word_1_66' title='bbox 374 1116 468 1166; x_wconf 89' lang='lat' dir='ltr'>mature</span> <span class='ocrx_word' id='word_1_67' title='bbox 488 1109 550 1179; x_wconf 88' lang='lat' dir='ltr'>apud</span> <span class='ocrx_word' id='word_1_68' title='bbox 564 1110 736 1181; x_wconf 90' lang='lat' dir='ltr'>grammaticos</span> <span class='ocrx_word' id='word_1_69' title='bbox 752 1124 779 1164; x_wconf 91' lang='lat' dir='ltr'>ea</span> <span class='ocrx_word' id='word_1_70' title='bbox 796 1109 878 1179; x_wconf 86' lang='lat' dir='ltr'>opinio</span> <span class='ocrx_word' id='word_1_71' title='bbox 898 1108 1024 1163; x_wconf 82' lang='lat' dir='ltr'>invaluisse</span> <span class='ocrx_word' id='word_1_72' title='bbox 1041 1108 1147 1176; x_wconf 85' lang='lat' dir='ltr'>videtur,</span> <span class='ocrx_word' id='word_1_73' title='bbox 1168 1114 1197 1163; x_wconf 91' lang='lat' dir='ltr'>ut</span> <span class='ocrx_word' id='word_1_74' title='bbox 1215 1110 1291 1165; x_wconf 82' lang='lat' dir='ltr'>exilio</span> <span class='ocrx_word' id='word_1_75' title='bbox 1307 1126 1354 1166; x_wconf 92' lang='lat' dir='ltr'>uon</span> 
     </span>
     <span class='ocr_line' id='line_1_9' title="bbox 375 1192 1354 1264; baseline 0 -13"><span class='ocrx_word' id='word_1_76' title='bbox 375 1194 416 1251; x_wconf 90' lang='lat' dir='ltr'>diu</span> <span class='ocrx_word' id='word_1_77' title='bbox 432 1200 554 1264; x_wconf 84' lang='lat' dir='ltr'>superstes</span> <span class='ocrx_word' id='word_1_78' title='bbox 571 1194 642 1248; x_wconf 88' lang='lat' dir='ltr'>luisse</span> <span class='ocrx_word' id='word_1_79' title='bbox 653 1193 802 1257; x_wconf 84' lang='lat' dir='ltr'>crederetur,</span> <span class='ocrx_word' id='word_1_80' title='bbox 821 1209 883 1248; x_wconf 77' lang='lat' dir='ltr'>unm</span> <span class='ocrx_word' id='word_1_81' title='bbox 899 1198 979 1247; x_wconf 86' lang='lat' dir='ltr'>tamen</span> <span class='ocrx_word' id='word_1_82' title='bbox 989 1192 1069 1261; x_wconf 90' lang='lat' dir='ltr'>ipsum</span> <span class='ocrx_word' id='word_1_83' title='bbox 1079 1192 1178 1247; x_wconf 84' lang='lat' dir='ltr'>exilium</span> <span class='ocrx_word' id='word_1_84' title='bbox 1190 1192 1354 1261; x_wconf 77' lang='lat' dir='ltr'>allomitiauu</span> 
     </span>
     <span class='ocr_line' id='line_1_10' title="bbox 375 1277 1353 1349; baseline 0.002 -17"><span class='ocrx_word' id='word_1_85' title='bbox 375 1279 405 1333; x_wconf 88' lang='lat' dir='ltr'>ad</span> <span class='ocrx_word' id='word_1_86' title='bbox 416 1278 562 1333; x_wconf 79' lang='lat' dir='ltr'>Antoninum</span> <span class='ocrx_word' id='word_1_87' title='bbox 571 1292 647 1349; x_wconf 90' lang='lat' dir='ltr'>usqne</span> <span class='ocrx_word' id='word_1_88' title='bbox 660 1278 796 1343; x_wconf 91' lang='lat' dir='ltr'>continuat,</span> <span class='ocrx_word' id='word_1_89' title='bbox 815 1278 876 1332; x_wconf 90' lang='lat' dir='ltr'>alter</span> <span class='ocrx_word' id='word_1_90' title='bbox 889 1277 927 1331; x_wconf 85' lang='lat' dir='ltr'>vel</span> <span class='ocrx_word' id='word_1_91' title='bbox 944 1282 1118 1348; x_wconf 86' lang='lat' dir='ltr'>praematuram</span> <span class='ocrx_word' id='word_1_92' title='bbox 1129 1282 1234 1331; x_wconf 88' lang='lat' dir='ltr'>mortem</span> <span class='ocrx_word' id='word_1_93' title='bbox 1250 1293 1353 1334; x_wconf 89' lang='lat' dir='ltr'>cumre-</span> 
     </span>
     <span class='ocr_line' id='line_1_11' title="bbox 375 1359 1354 1434; baseline 0 -17"><span class='ocrx_word' id='word_1_94' title='bbox 375 1362 426 1418; x_wconf 90' lang='lat' dir='ltr'>ditu</span> <span class='ocrx_word' id='word_1_95' title='bbox 443 1361 472 1416; x_wconf 85' lang='lat' dir='ltr'>ab</span> <span class='ocrx_word' id='word_1_96' title='bbox 490 1362 561 1416; x_wconf 75' lang='lat' dir='ltr'>csilio</span> <span class='ocrx_word' id='word_1_97' title='bbox 573 1362 665 1434; x_wconf 85' lang='lat' dir='ltr'>iungit;</span> <span class='ocrx_word' id='word_1_98' title='bbox 683 1377 729 1434; x_wconf 91' lang='lat' dir='ltr'>qua</span> <span class='ocrx_word' id='word_1_99' title='bbox 745 1362 769 1415; x_wconf 92' lang='lat' dir='ltr'>in</span> <span class='ocrx_word' id='word_1_100' title='bbox 786 1361 927 1416; x_wconf 82' lang='lat' dir='ltr'>contusione</span> <span class='ocrx_word' id='word_1_101' title='bbox 943 1360 1001 1415; x_wconf 88' lang='lat' dir='ltr'><strong>nihil</strong></span> <span class='ocrx_word' id='word_1_102' title='bbox 1016 1359 1087 1415; x_wconf 81' lang='lat' dir='ltr'>nobis</span> <span class='ocrx_word' id='word_1_103' title='bbox 1096 1360 1252 1431; x_wconf 84' lang='lat' dir='ltr'>relinquitur,</span> <span class='ocrx_word' id='word_1_104' title='bbox 1254 1394 1257 1399; x_wconf 94' lang='lat'><em>-</em></span> <span class='ocrx_word' id='word_1_105' title='bbox 1270 1364 1354 1419; x_wconf 82' lang='grc' dir='ltr'>ιιιιίιιι</span> 
     </span>
     <span class='ocr_line' id='line_1_12' title="bbox 374 1443 1354 1519; baseline 0 -18"><span class='ocrx_word' id='word_1_106' title='bbox 374 1451 453 1501; x_wconf 92' lang='lat' dir='ltr'>morte</span> <span class='ocrx_word' id='word_1_107' title='bbox 464 1450 489 1499; x_wconf 90' lang='lat' dir='ltr'>et</span> <span class='ocrx_word' id='word_1_108' title='bbox 505 1446 576 1500; x_wconf 81' lang='lat' dir='ltr'>exilio</span> <span class='ocrx_word' id='word_1_109' title='bbox 586 1461 684 1515; x_wconf 84' lang='lat' dir='ltr'>prorsus</span> <span class='ocrx_word' id='word_1_110' title='bbox 694 1446 927 1515; x_wconf 85' lang='lat' dir='ltr'>intersedisparatis</span> <span class='ocrx_word' id='word_1_111' title='bbox 944 1446 1086 1522; x_wconf 87' lang='lat' dir='ltr'>deutroque</span> <span class='ocrx_word' id='word_1_112' title='bbox 1096 1443 1280 1515; x_wconf 83' lang='lat' dir='ltr'>idsequamur,</span> <span class='ocrx_word' id='word_1_113' title='bbox 1289 1446 1354 1519; x_wconf 89' lang='lat' dir='ltr'>quod</span> 
     </span>
     <span class='ocr_line' id='line_1_13' title="bbox 375 1515 1353 1619; baseline 0.001 -35"><span class='ocrx_word' id='word_1_114' title='bbox 375 1536 417 1584; x_wconf 87' lang='lat' dir='ltr'>aut</span> <span class='ocrx_word' id='word_1_115' title='bbox 427 1535 567 1600; x_wconf 73' lang='lat' dir='ltr'>mgrmema</span> <span class='ocrx_word' id='word_1_116' title='bbox 585 1544 615 1583; x_wconf 83' lang='lat' dir='ltr'>ea</span> <span class='ocrx_word' id='word_1_117' title='bbox 630 1530 710 1585; x_wconf 90' lang='lat' dir='ltr'>sobria</span> <span class='ocrx_word' id='word_1_118' title='bbox 725 1530 825 1584; x_wconf 88' lang='lat' dir='ltr'>testium</span> <span class='ocrx_word' id='word_1_119' title='bbox 839 1515 1015 1584; x_wconf 78' lang='lat' dir='ltr'>existimatione</span> <span class='ocrx_word' id='word_1_120' title='bbox 1032 1528 1132 1599; x_wconf 84' lang='lat' dir='ltr'>repetita</span> <span class='ocrx_word' id='word_1_121' title='bbox 1154 1533 1198 1583; x_wconf 83' lang='lat' dir='ltr'>eut</span> <span class='ocrx_word' id='word_1_122' title='bbox 1214 1534 1353 1619; x_wconf 80' lang='lat' dir='ltr'>tempmuru</span> 
     </span>
     <span class='ocr_line' id='line_1_14' title="bbox 374 1613 1025 1683; baseline -0.002 -15"><span class='ocrx_word' id='word_1_123' title='bbox 374 1614 463 1668; x_wconf 88' lang='lat' dir='ltr'>uetae&#39;</span> <span class='ocrx_word' id='word_1_124' title='bbox 457 1613 515 1682; x_wconf 79' lang='lat' dir='ltr'>ipsis</span> <span class='ocrx_word' id='word_1_125' title='bbox 525 1618 611 1682; x_wconf 89' lang='lat' dir='ltr'>poetae</span> <span class='ocrx_word' id='word_1_126' title='bbox 621 1614 716 1668; x_wconf 89' lang='lat' dir='ltr'>satiris</span> <span class='ocrx_word' id='word_1_127' title='bbox 709 1626 839 1683; x_wconf 82' lang='lat' dir='ltr'>rmprcssae</span> <span class='ocrx_word' id='word_1_128' title='bbox 847 1613 1025 1669; x_wconf 88' lang='lat' dir='ltr'>commendent.</span> 
     </span>
    </p>

    <p class='ocr_par' dir='ltr' id='par_1_3' title="bbox 370 1695 1353 2694">
     <span class='ocr_line' id='line_1_15' title="bbox 458 1695 1353 1767; baseline 0.007 -18"><span class='ocrx_word' id='word_1_129' title='bbox 458 1696 523 1750; x_wconf 89' lang='lat' dir='ltr'>Haec</span> <span class='ocrx_word' id='word_1_130' title='bbox 533 1703 613 1750; x_wconf 89' lang='lat' dir='ltr'>autem</span> <span class='ocrx_word' id='word_1_131' title='bbox 630 1711 658 1751; x_wconf 92' lang='lat' dir='ltr'>eo</span> <span class='ocrx_word' id='word_1_132' title='bbox 669 1697 749 1767; x_wconf 88' lang='lat' dir='ltr'>potius</span> <span class='ocrx_word' id='word_1_133' title='bbox 759 1714 804 1753; x_wconf 92' lang='lat' dir='ltr'>nos</span> <span class='ocrx_word' id='word_1_134' title='bbox 816 1698 965 1761; x_wconf 88' lang='lat' dir='ltr'>conducunt,</span> <span class='ocrx_word' id='word_1_135' title='bbox 983 1703 1010 1752; x_wconf 88' lang='lat' dir='ltr'>ut</span> <span class='ocrx_word' id='word_1_136' title='bbox 1020 1710 1104 1751; x_wconf 87' lang='lat' dir='ltr'>omues</span> <span class='ocrx_word' id='word_1_137' title='bbox 1113 1711 1174 1767; x_wconf 85' lang='lat' dir='ltr'>quas</span> <span class='ocrx_word' id='word_1_138' title='bbox 1182 1695 1306 1753; x_wconf 82' lang='lat' dir='ltr'>habemur</span> <span class='ocrx_word' id='word_1_139' title='bbox 1315 1712 1353 1755; x_wconf 79' lang='lat' dir='ltr'>ee·</span> 
     </span>
     <span class='ocr_line' id='line_1_16' title="bbox 373 1779 1352 1852; baseline 0.002 -17"><span class='ocrx_word' id='word_1_140' title='bbox 373 1781 497 1852; x_wconf 83' lang='lat' dir='ltr'>tiraspost</span> <span class='ocrx_word' id='word_1_141' title='bbox 507 1781 604 1834; x_wconf 83' lang='lat' dir='ltr'>exilium</span> <span class='ocrx_word' id='word_1_142' title='bbox 616 1780 879 1851; x_wconf 81' lang='lat' dir='ltr'>demumrcditumque</span> <span class='ocrx_word' id='word_1_143' title='bbox 895 1797 926 1835; x_wconf 83' lang='lat' dir='ltr'>ea</span> <span class='ocrx_word' id='word_1_144' title='bbox 936 1781 1057 1836; x_wconf 86' lang='lat' dir='ltr'>Britannia</span> <span class='ocrx_word' id='word_1_145' title='bbox 1073 1779 1250 1851; x_wconf 79' lang='lat' dir='ltr'>sedulas-esse</span> <span class='ocrx_word' id='word_1_146' title='bbox 1260 1788 1352 1837; x_wconf 83' lang='lat' dir='ltr'>eertum</span> 
     </span>
     <span class='ocr_line' id='line_1_17' title="bbox 373 1864 1353 1936; baseline 0.002 -16"><span class='ocrx_word' id='word_1_147' title='bbox 373 1866 414 1921; x_wconf 86' lang='lat' dir='ltr'>sit.</span> <span class='ocrx_word' id='word_1_148' title='bbox 444 1864 505 1919; x_wconf 87' lang='lat' dir='ltr'>Nam</span> <span class='ocrx_word' id='word_1_149' title='bbox 515 1864 656 1919; x_wconf 81' lang='lat' dir='ltr'>eduredieau</span> <span class='ocrx_word' id='word_1_150' title='bbox 669 1865 720 1936; x_wconf 79' lang='lat' dir='ltr'>sere</span> <span class='ocrx_word' id='word_1_151' title='bbox 736 1872 834 1920; x_wconf 73' lang='lat' dir='ltr'>ceneten</span> <span class='ocrx_word' id='word_1_152' title='bbox 848 1880 966 1921; x_wconf 87' lang='lat' dir='ltr'>consensu</span> <span class='ocrx_word' id='word_1_153' title='bbox 976 1864 1074 1919; x_wconf 87' lang='lat' dir='ltr'>testium</span> <span class='ocrx_word' id='word_1_154' title='bbox 1088 1864 1242 1929; x_wconf 68' lang='grc' dir='ltr'>ᾰιιιιιιιωιίι,</span> <span class='ocrx_word' id='word_1_155' title='bbox 1259 1865 1353 1923; x_wconf 65' lang='lat' dir='ltr'>hecel</span> 
     </span>
     <span class='ocr_line' id='line_1_18' title="bbox 374 1948 1352 2023; baseline 0.002 -20"><span class='ocrx_word' id='word_1_156' title='bbox 374 1948 582 2004; x_wconf 84' lang='lat' dir='ltr'>exercitationibus</span> <span class='ocrx_word' id='word_1_157' title='bbox 592 1954 617 2003; x_wconf 92' lang='lat' dir='ltr'>et</span> <span class='ocrx_word' id='word_1_158' title='bbox 627 1949 826 2004; x_wconf 79' lang='lat' dir='ltr'>ostentatIonibus</span> <span class='ocrx_word' id='word_1_159' title='bbox 837 1948 961 2003; x_wconf 87' lang='lat' dir='ltr'>rhetoricis</span> <span class='ocrx_word' id='word_1_160' title='bbox 973 1964 1071 2019; x_wconf 88' lang='lat' dir='ltr'>operam</span> <span class='ocrx_word' id='word_1_161' title='bbox 1087 1948 1165 2017; x_wconf 86' lang='lat' dir='ltr'>dedit,</span> <span class='ocrx_word' id='word_1_162' title='bbox 1182 1948 1263 2005; x_wconf 65' lang='lat' dir='ltr'>amm</span> <span class='ocrx_word' id='word_1_163' title='bbox 1277 1950 1352 2023; x_wconf 63' lang='lat' dir='ltr'>anger</span> 
     </span>
     <span class='ocr_line' id='line_1_19' title="bbox 373 2032 1349 2107; baseline -0.003 -15"><span class='ocrx_word' id='word_1_164' title='bbox 373 2048 452 2098; x_wconf 70' lang='lat' dir='ltr'>ewen,</span> <span class='ocrx_word' id='word_1_165' title='bbox 460 2050 529 2107; x_wconf 82' lang='lat' dir='ltr'>quum</span> <span class='ocrx_word' id='word_1_166' title='bbox 536 2032 599 2107; x_wconf 82' lang='lat' dir='ltr'>qued</span> <span class='ocrx_word' id='word_1_167' title='bbox 608 2033 700 2088; x_wconf 77' lang='lat' dir='ltr'>cellolae</span> <span class='ocrx_word' id='word_1_168' title='bbox 710 2050 736 2087; x_wconf 83' lang='lat' dir='ltr'>ae</span> <span class='ocrx_word' id='word_1_169' title='bbox 746 2041 787 2089; x_wconf 81' lang='lat' dir='ltr'>eret</span> <span class='ocrx_word' id='word_1_170' title='bbox 794 2034 1015 2104; x_wconf 75' lang='lat' dir='ltr'>strupruepermet,</span> <span class='ocrx_word' id='word_1_171' title='bbox 1027 2033 1086 2087; x_wconf 86' lang='lat' dir='ltr'>satis</span> <span class='ocrx_word' id='word_1_172' title='bbox 1093 2033 1207 2089; x_wconf 81' lang='lat' dir='ltr'>nimirum</span> <span class='ocrx_word' id='word_1_173' title='bbox 1214 2034 1349 2099; x_wconf 78' lang='lat' dir='ltr'>commode,</span> 
     </span>
     <span class='ocr_line' id='line_1_20' title="bbox 372 2108 1351 2189; baseline 0.003 -16"><span class='ocrx_word' id='word_1_174' title='bbox 372 2123 401 2173; x_wconf 89' lang='lat' dir='ltr'>ut</span> <span class='ocrx_word' id='word_1_175' title='bbox 409 2118 481 2172; x_wconf 90' lang='lat' dir='ltr'>iidem</span> <span class='ocrx_word' id='word_1_176' title='bbox 492 2118 643 2188; x_wconf 84' lang='lat' dir='ltr'>grammatici</span> <span class='ocrx_word' id='word_1_177' title='bbox 653 2123 787 2182; x_wconf 71' lang='lat' dir='ltr'>testantur,</span> <span class='ocrx_word' id='word_1_178' title='bbox 805 2133 818 2172; x_wconf 93' lang='lat' dir='ltr'>a</span> <span class='ocrx_word' id='word_1_179' title='bbox 829 2133 855 2171; x_wconf 90' lang='lat' dir='ltr'>re</span> <span class='ocrx_word' id='word_1_180' title='bbox 866 2108 975 2172; x_wconf 81' lang='lat' dir='ltr'>familiari</span> <span class='ocrx_word' id='word_1_181' title='bbox 985 2118 1143 2183; x_wconf 87' lang='lat' dir='ltr'>constitutus,</span> <span class='ocrx_word' id='word_1_182' title='bbox 1155 2119 1237 2189; x_wconf 89' lang='lat' dir='ltr'>utqui</span> <span class='ocrx_word' id='word_1_183' title='bbox 1248 2118 1351 2175; x_wconf 57' lang='lat' dir='ltr'>temti</span> 
     </span>
     <span class='ocr_line' id='line_1_21' title="bbox 372 2196 1350 2275; baseline 0.003 -19"><span class='ocrx_word' id='word_1_184' title='bbox 372 2201 493 2272; x_wconf 80' lang='lat' dir='ltr'>locupletia</span> <span class='ocrx_word' id='word_1_185' title='bbox 503 2202 615 2256; x_wconf 78' lang='lat' dir='ltr'>incertum</span> <span class='ocrx_word' id='word_1_186' title='bbox 623 2201 689 2272; x_wconf 79' lang='lat' dir='ltr'>filius</span> <span class='ocrx_word' id='word_1_187' title='bbox 699 2220 732 2257; x_wconf 83' lang='lat' dir='ltr'>aa</span> <span class='ocrx_word' id='word_1_188' title='bbox 742 2203 851 2258; x_wconf 80' lang='lat' dir='ltr'>eluamus</span> <span class='ocrx_word' id='word_1_189' title='bbox 865 2202 900 2256; x_wconf 85' lang='lat' dir='ltr'>ed</span> <span class='ocrx_word' id='word_1_190' title='bbox 909 2201 1025 2275; x_wconf 79' lang='lat' dir='ltr'>equestria</span> <span class='ocrx_word' id='word_1_191' title='bbox 1041 2196 1136 2256; x_wconf 77' lang='lat' dir='ltr'>odino</span> <span class='ocrx_word' id='word_1_192' title='bbox 1145 2201 1290 2274; x_wconf 74' lang='grc' dir='ltr'>ιιίιιιίιαιιιι</span> <span class='ocrx_word' id='word_1_193' title='bbox 1294 2218 1350 2275; x_wconf 78' lang='lat' dir='ltr'>per·</span> 
     </span>
     <span class='ocr_line' id='line_1_22' title="bbox 372 2285 1350 2356; baseline 0.004 -16"><span class='ocrx_word' id='word_1_194' title='bbox 372 2286 489 2348; x_wconf 63' lang='lat' dir='ltr'>modom</span> <span class='ocrx_word' id='word_1_195' title='bbox 511 2301 558 2356; x_wconf 92' lang='lat' dir='ltr'>quo</span> <span class='ocrx_word' id='word_1_196' title='bbox 578 2288 693 2355; x_wconf 89' lang='lat' dir='ltr'>temporis</span> <span class='ocrx_word' id='word_1_197' title='bbox 709 2287 786 2356; x_wconf 87' lang='lat' dir='ltr'>spatio</span> <span class='ocrx_word' id='word_1_198' title='bbox 804 2287 876 2340; x_wconf 89' lang='lat' dir='ltr'>etiam</span> <span class='ocrx_word' id='word_1_199' title='bbox 892 2301 948 2340; x_wconf 90' lang='lat' dir='ltr'>cum</span> <span class='ocrx_word' id='word_1_200' title='bbox 965 2285 1071 2341; x_wconf 83' lang='lat' dir='ltr'>Martiale</span> <span class='ocrx_word' id='word_1_201' title='bbox 1085 2285 1274 2343; x_wconf 75' lang='lat' dir='ltr'>lamiliaritalen</span> <span class='ocrx_word' id='word_1_202' title='bbox 1288 2287 1350 2343; x_wconf 85' lang='lat' dir='ltr'>illam</span> 
     </span>
     <span class='ocr_line' id='line_1_23' title="bbox 372 2368 1350 2439; baseline 0.004 -16"><span class='ocrx_word' id='word_1_203' title='bbox 372 2369 461 2432; x_wconf 82' lang='lat' dir='ltr'>iunxit,</span> <span class='ocrx_word' id='word_1_204' title='bbox 480 2369 549 2422; x_wconf 89' lang='lat' dir='ltr'>cuius</span> <span class='ocrx_word' id='word_1_205' title='bbox 565 2368 604 2422; x_wconf 89' lang='lat' dir='ltr'>hic</span> <span class='ocrx_word' id='word_1_206' title='bbox 621 2369 777 2425; x_wconf 84' lang='lat' dir='ltr'>honorificum</span> <span class='ocrx_word' id='word_1_207' title='bbox 796 2376 821 2425; x_wconf 88' lang='lat' dir='ltr'>et</span> <span class='ocrx_word' id='word_1_208' title='bbox 837 2384 913 2439; x_wconf 83' lang='lat' dir='ltr'>paene</span> <span class='ocrx_word' id='word_1_209' title='bbox 930 2370 1031 2425; x_wconf 84' lang='lat' dir='ltr'>dixerim</span> <span class='ocrx_word' id='word_1_210' title='bbox 1041 2369 1148 2425; x_wconf 86' lang='lat' dir='ltr'>nimium</span> <span class='ocrx_word' id='word_1_211' title='bbox 1164 2378 1350 2427; x_wconf 85' lang='lat' dir='ltr'>monumentum</span> 
     </span>
     <span class='ocr_line' id='line_1_24' title="bbox 373 2444 1350 2526; baseline 0.007 -21"><span class='ocrx_word' id='word_1_212' title='bbox 373 2451 456 2521; x_wconf 85' lang='lat' dir='ltr'>Epigr.</span> <span class='ocrx_word' id='word_1_213' title='bbox 467 2444 517 2505; x_wconf 89' lang='lat' dir='ltr'>llll.</span> <span class='ocrx_word' id='word_1_214' title='bbox 529 2454 563 2505; x_wconf 78' lang='lat'>24</span> <span class='ocrx_word' id='word_1_215' title='bbox 574 2452 683 2523; x_wconf 74' lang='lat' dir='ltr'>reliquit:</span> <span class='ocrx_word' id='word_1_216' title='bbox 700 2469 777 2524; x_wconf 86' lang='lat' dir='ltr'>neque</span> <span class='ocrx_word' id='word_1_217' title='bbox 788 2454 871 2510; x_wconf 87' lang='lat' dir='ltr'>arntcis</span> <span class='ocrx_word' id='word_1_218' title='bbox 887 2458 953 2508; x_wconf 90' lang='lat' dir='ltr'>certe</span> <span class='ocrx_word' id='word_1_219' title='bbox 962 2454 1122 2525; x_wconf 88' lang='lat' dir='ltr'>eloquentiam</span> <span class='ocrx_word' id='word_1_220' title='bbox 1132 2455 1185 2509; x_wconf 80' lang='grc' dir='ltr'>οιιιι</span> <span class='ocrx_word' id='word_1_221' title='bbox 1200 2454 1350 2526; x_wconf 64' lang='lat' dir='ltr'>duplicem</span> 
     </span>
     <span class='ocr_line' id='line_1_25' title="bbox 370 2533 1350 2606; baseline 0.009 -18"><span class='ocrx_word' id='word_1_222' title='bbox 370 2534 471 2606; x_wconf 77' lang='lat' dir='ltr'>feumdr&#39;</span> <span class='ocrx_word' id='word_1_223' title='bbox 482 2533 607 2603; x_wconf 88' lang='lat' dir='ltr'>appellatio</span> <span class='ocrx_word' id='word_1_224' title='bbox 625 2536 686 2604; x_wconf 85' lang='lat' dir='ltr'>apud</span> <span class='ocrx_word' id='word_1_225' title='bbox 698 2538 800 2591; x_wconf 89' lang='lat' dir='ltr'>eundem</span> <span class='ocrx_word' id='word_1_226' title='bbox 815 2536 865 2592; x_wconf 88' lang='lat' dir='ltr'>Vll.</span> <span class='ocrx_word' id='word_1_227' title='bbox 876 2540 910 2596; x_wconf 84' lang='lat'>91</span> <span class='ocrx_word' id='word_1_228' title='bbox 922 2538 1041 2600; x_wconf 71' lang='lat' dir='ltr'>declarata</span> <span class='ocrx_word' id='word_1_229' title='bbox 1061 2550 1093 2593; x_wconf 82' lang='lat' dir='ltr'>ex</span> <span class='ocrx_word' id='word_1_230' title='bbox 1102 2538 1188 2594; x_wconf 88' lang='lat' dir='ltr'>eadem</span> <span class='ocrx_word' id='word_1_231' title='bbox 1199 2545 1285 2595; x_wconf 83' lang='lat' dir='ltr'>autem</span> <span class='ocrx_word' id='word_1_232' title='bbox 1294 2554 1350 2597; x_wconf 83' lang='lat' dir='ltr'>ceu·</span> 
     </span>
     <span class='ocr_line' id='line_1_26' title="bbox 372 2616 1348 2694; baseline 0.009 -23"><span class='ocrx_word' id='word_1_233' title='bbox 372 2616 498 2672; x_wconf 88' lang='lat' dir='ltr'>suetudine</span> <span class='ocrx_word' id='word_1_234' title='bbox 509 2616 572 2671; x_wconf 89' lang='lat' dir='ltr'>haud</span> <span class='ocrx_word' id='word_1_235' title='bbox 582 2617 632 2672; x_wconf 89' lang='lat' dir='ltr'>scio</span> <span class='ocrx_word' id='word_1_236' title='bbox 648 2633 678 2673; x_wconf 92' lang='lat' dir='ltr'>an</span> <span class='ocrx_word' id='word_1_237' title='bbox 689 2620 792 2689; x_wconf 91' lang='lat' dir='ltr'>primum</span> <span class='ocrx_word' id='word_1_238' title='bbox 808 2622 876 2679; x_wconf 88' lang='lat' dir='ltr'>illum</span> <span class='ocrx_word' id='word_1_239' title='bbox 887 2628 1000 2677; x_wconf 90' lang='lat' dir='ltr'>conatum</span> <span class='ocrx_word' id='word_1_240' title='bbox 1016 2621 1140 2692; x_wconf 76' lang='lat' dir='ltr'>quodcum</span> <span class='ocrx_word' id='word_1_241' title='bbox 1148 2628 1263 2694; x_wconf 81' lang='lat' dir='ltr'>repetere</span> <span class='ocrx_word' id='word_1_242' title='bbox 1272 2624 1348 2693; x_wconf 84' lang='lat' dir='ltr'>liceat,</span> 
     </span>
    </p>
   </div>
   <div class='ocr_carea' id='block_1_3' title="bbox 280 2702 1349 2805">
    <p class='ocr_par' dir='ltr' id='par_1_4' title="bbox 280 2702 1349 2805">
     <span class='ocr_line' id='line_1_27' title="bbox 280 2702 1349 2805; baseline 0.013 -55"><span class='ocrx_word' id='word_1_243' title='bbox 280 2770 285 2781; x_wconf 89' lang='lat'><strong><em>.</em></strong></span> <span class='ocrx_word' id='word_1_244' title='bbox 373 2714 445 2773; x_wconf 91' lang='lat' dir='ltr'>quem</span> <span class='ocrx_word' id='word_1_245' title='bbox 455 2714 529 2771; x_wconf 90' lang='lat' dir='ltr'>quum</span> <span class='ocrx_word' id='word_1_246' title='bbox 538 2702 600 2754; x_wconf 85' lang='lat' dir='ltr'>ntae</span> <span class='ocrx_word' id='word_1_247' title='bbox 611 2703 740 2773; x_wconf 83' lang='lat' dir='ltr'>scriptores</span> <span class='ocrx_word' id='word_1_248' title='bbox 747 2720 847 2775; x_wconf 79' lang='lat' dir='ltr'>parumn</span> <span class='ocrx_word' id='word_1_249' title='bbox 856 2707 955 2761; x_wconf 69' lang='lat' dir='ltr'>aetram</span> <span class='ocrx_word' id='word_1_250' title='bbox 965 2707 1098 2777; x_wconf 84' lang='lat' dir='ltr'>appellent</span> <span class='ocrx_word' id='word_1_251' title='bbox 1116 2706 1349 2805; x_wconf 73' lang='lat' dir='ltr'>equidemsqperine</span> 
     </span>
    </p>
   </div>
   <div class='ocr_carea' id='block_1_4' title="bbox 358 2784 1349 3871">
    <p class='ocr_par' dir='ltr' id='par_1_5' title="bbox 358 2784 1349 3871">
     <span class='ocr_line' id='line_1_28' title="bbox 373 2784 1349 2889; baseline 0.008 -50"><span class='ocrx_word' id='word_1_252' title='bbox 373 2784 403 2840; x_wconf 91' lang='lat' dir='ltr'>ad</span> <span class='ocrx_word' id='word_1_253' title='bbox 413 2784 635 2856; x_wconf 77' lang='lat' dir='ltr'>epigrammaticum</span> <span class='ocrx_word' id='word_1_254' title='bbox 647 2801 724 2858; x_wconf 90' lang='lat' dir='ltr'>genus</span> <span class='ocrx_word' id='word_1_255' title='bbox 734 2803 847 2845; x_wconf 85' lang='lat' dir='ltr'>revocure</span> <span class='ocrx_word' id='word_1_256' title='bbox 856 2790 937 2846; x_wconf 90' lang='lat' dir='ltr'>malui.</span> <span class='ocrx_word' id='word_1_257' title='bbox 949 2790 1026 2861; x_wconf 80' lang='lat' dir='ltr'>dliq</span> <span class='ocrx_word' id='word_1_258' title='bbox 1052 2791 1217 2861; x_wconf 88' lang='lat' dir='ltr'>utiqueetiam</span> <span class='ocrx_word' id='word_1_259' title='bbox 1228 2792 1349 2889; x_wconf 73' lang='lat' dir='ltr'>enigm-</span> 
     </span>
     <span class='ocr_line' id='line_1_29' title="bbox 371 2862 1348 2949; baseline 0.011 -28"><span class='ocrx_word' id='word_1_260' title='bbox 371 2862 430 2922; x_wconf 81' lang='lat' dir='ltr'>m&#39;ati</span> <span class='ocrx_word' id='word_1_261' title='bbox 449 2883 504 2923; x_wconf 88' lang='lat' dir='ltr'>cum</span> <span class='ocrx_word' id='word_1_262' title='bbox 516 2870 587 2924; x_wconf 89' lang='lat' dir='ltr'>satira</span> <span class='ocrx_word' id='word_1_263' title='bbox 605 2886 733 2927; x_wconf 86' lang='lat' dir='ltr'>commune</span> <span class='ocrx_word' id='word_1_264' title='bbox 749 2879 797 2938; x_wconf 88' lang='lat' dir='ltr'>cst,</span> <span class='ocrx_word' id='word_1_265' title='bbox 816 2888 862 2929; x_wconf 90' lang='lat' dir='ltr'>nec</span> <span class='ocrx_word' id='word_1_266' title='bbox 878 2874 942 2945; x_wconf 90' lang='lat' dir='ltr'>quod</span> <span class='ocrx_word' id='word_1_267' title='bbox 955 2873 979 2929; x_wconf 84' lang='lat' dir='ltr'>lt</span> <span class='ocrx_word' id='word_1_268' title='bbox 1038 2874 1069 2929; x_wconf 89' lang='lat' dir='ltr'>lis</span> <span class='ocrx_word' id='word_1_269' title='bbox 1078 2874 1109 2930; x_wconf 67' lang='lat' dir='ltr'>X</span> <span class='ocrx_word' id='word_1_270' title='bbox 1121 2877 1157 2937; x_wconf 73' lang='lat'>33</span> <span class='ocrx_word' id='word_1_271' title='bbox 1167 2876 1219 2931; x_wconf 73' lang='lat' dir='ltr'>mis</span> <span class='ocrx_word' id='word_1_272' title='bbox 1229 2877 1348 2949; x_wconf 71' lang='lat' dir='ltr'>epigram·</span> 
     </span>
     <span class='ocr_line' id='line_1_30' title="bbox 370 2953 1348 3033; baseline 0.011 -27"><span class='ocrx_word' id='word_1_273' title='bbox 370 2953 441 3007; x_wconf 90' lang='lat' dir='ltr'>matis</span> <span class='ocrx_word' id='word_1_274' title='bbox 452 2953 600 3023; x_wconf 84' lang='lat' dir='ltr'>propositum</span> <span class='ocrx_word' id='word_1_275' title='bbox 612 2970 664 3010; x_wconf 85' lang='lat' dir='ltr'>esse</span> <span class='ocrx_word' id='word_1_276' title='bbox 675 2957 747 3012; x_wconf 86' lang='lat' dir='ltr'>iactat</span> <span class='ocrx_word' id='word_1_277' title='bbox 753 2975 869 3033; x_wconf 80' lang='lat' dir='ltr'>,pmoere</span> <span class='ocrx_word' id='word_1_278' title='bbox 874 2958 995 3029; x_wconf 62' lang='lat' dir='ltr'>peronia,</span> <span class='ocrx_word' id='word_1_279' title='bbox 1007 2958 1086 3014; x_wconf 83' lang='lat' dir='ltr'>dicare</span> <span class='ocrx_word' id='word_1_280' title='bbox 1095 2958 1125 3013; x_wconf 78' lang='lat' dir='ltr'>ele</span> <span class='ocrx_word' id='word_1_281' title='bbox 1133 2958 1210 3025; x_wconf 66' lang='lat' dir='ltr'>vtae,</span> <span class='ocrx_word' id='word_1_282' title='bbox 1221 2961 1348 3017; x_wconf 82' lang='lat' dir='ltr'>satirarum</span> 
     </span>
     <span class='ocr_line' id='line_1_31' title="bbox 369 3037 1346 3117; baseline 0.007 -25"><span class='ocrx_word' id='word_1_283' title='bbox 369 3037 472 3107; x_wconf 76' lang='lat' dir='ltr'>sempter</span> <span class='ocrx_word' id='word_1_284' title='bbox 483 3052 496 3091; x_wconf 91' lang='lat' dir='ltr'>a</span> <span class='ocrx_word' id='word_1_285' title='bbox 507 3052 533 3092; x_wconf 93' lang='lat' dir='ltr'>se</span> <span class='ocrx_word' id='word_1_286' title='bbox 551 3040 654 3095; x_wconf 88' lang='lat' dir='ltr'>alienum</span> <span class='ocrx_word' id='word_1_287' title='bbox 668 3042 797 3111; x_wconf 66' lang='lat' dir='ltr'>putabor</span> <span class='ocrx_word' id='word_1_288' title='bbox 791 3058 843 3112; x_wconf 88' lang='lat' dir='ltr'>upso</span> <span class='ocrx_word' id='word_1_289' title='bbox 858 3048 939 3097; x_wconf 91' lang='lat' dir='ltr'>tamen</span> <span class='ocrx_word' id='word_1_290' title='bbox 955 3056 1045 3114; x_wconf 88' lang='lat' dir='ltr'>genere</span> <span class='ocrx_word' id='word_1_291' title='bbox 1060 3042 1125 3097; x_wconf 91' lang='lat' dir='ltr'>aliud</span> <span class='ocrx_word' id='word_1_292' title='bbox 1140 3048 1179 3099; x_wconf 84' lang='lat' dir='ltr'>est</span> <span class='ocrx_word' id='word_1_293' title='bbox 1188 3044 1346 3117; x_wconf 76' lang='lat' dir='ltr'>epigramma,</span> 
     </span>
     <span class='ocr_line' id='line_1_32' title="bbox 369 3120 1347 3199; baseline 0.01 -24"><span class='ocrx_word' id='word_1_294' title='bbox 369 3120 433 3192; x_wconf 91' lang='lat' dir='ltr'>quod</span> <span class='ocrx_word' id='word_1_295' title='bbox 443 3137 473 3175; x_wconf 90' lang='lat' dir='ltr'>ne</span> <span class='ocrx_word' id='word_1_296' title='bbox 489 3122 546 3177; x_wconf 86' lang='lat' dir='ltr'>vilia</span> <span class='ocrx_word' id='word_1_297' title='bbox 556 3125 653 3194; x_wconf 90' lang='lat' dir='ltr'>quidem</span> <span class='ocrx_word' id='word_1_298' title='bbox 664 3125 732 3180; x_wconf 87' lang='lat' dir='ltr'>aliter</span> <span class='ocrx_word' id='word_1_299' title='bbox 742 3141 770 3181; x_wconf 87' lang='lat' dir='ltr'>ac</span> <span class='ocrx_word' id='word_1_300' title='bbox 780 3126 866 3181; x_wconf 91' lang='lat' dir='ltr'>ludens</span> <span class='ocrx_word' id='word_1_301' title='bbox 875 3127 967 3197; x_wconf 80' lang='lat' dir='ltr'>mugit,</span> <span class='ocrx_word' id='word_1_302' title='bbox 987 3126 1145 3192; x_wconf 89' lang='lat' dir='ltr'>aliudsatira,</span> <span class='ocrx_word' id='word_1_303' title='bbox 1164 3124 1347 3199; x_wconf 76' lang='lat' dir='ltr'>quaeulti-rit&#39;n</span> 
     </span>
     <span class='ocr_line' id='line_1_33' title="bbox 367 3200 1346 3283; baseline 0.008 -23"><span class='ocrx_word' id='word_1_304' title='bbox 367 3205 513 3276; x_wconf 85' lang='lat' dir='ltr'>insequitur,</span> <span class='ocrx_word' id='word_1_305' title='bbox 530 3222 561 3261; x_wconf 92' lang='lat' dir='ltr'>ne</span> <span class='ocrx_word' id='word_1_306' title='bbox 571 3223 684 3279; x_wconf 90' lang='lat' dir='ltr'>personas</span> <span class='ocrx_word' id='word_1_307' title='bbox 695 3209 790 3280; x_wconf 90' lang='lat' dir='ltr'>quidem</span> <span class='ocrx_word' id='word_1_308' title='bbox 802 3211 903 3265; x_wconf 87' lang='lat' dir='ltr'>intactos</span> <span class='ocrx_word' id='word_1_309' title='bbox 914 3200 1047 3282; x_wconf 88' lang='lat' dir='ltr'>relinquere</span> <span class='ocrx_word' id='word_1_310' title='bbox 1054 3215 1150 3280; x_wconf 72' lang='lat' dir='ltr'>potesta</span> <span class='ocrx_word' id='word_1_311' title='bbox 1164 3226 1241 3283; x_wconf 89' lang='lat' dir='ltr'>quam</span> <span class='ocrx_word' id='word_1_312' title='bbox 1249 3212 1281 3269; x_wconf 88' lang='lat' dir='ltr'>ed</span> <span class='ocrx_word' id='word_1_313' title='bbox 1292 3226 1346 3269; x_wconf 84' lang='lat' dir='ltr'>uer·</span> 
     </span>
     <span class='ocr_line' id='line_1_34' title="bbox 367 3290 1346 3369; baseline 0.012 -27"><span class='ocrx_word' id='word_1_314' title='bbox 367 3302 432 3343; x_wconf 87' lang='lat' dir='ltr'>mam</span> <span class='ocrx_word' id='word_1_315' title='bbox 448 3290 469 3343; x_wconf 91' lang='lat' dir='ltr'>si</span> <span class='ocrx_word' id='word_1_316' title='bbox 484 3292 614 3347; x_wconf 84' lang='lat' dir='ltr'>uersiculos</span> <span class='ocrx_word' id='word_1_317' title='bbox 626 3293 680 3347; x_wconf 91' lang='lat' dir='ltr'>illos</span> <span class='ocrx_word' id='word_1_318' title='bbox 695 3309 738 3364; x_wconf 90' lang='lat' dir='ltr'>per</span> <span class='ocrx_word' id='word_1_319' title='bbox 749 3308 776 3347; x_wconf 92' lang='lat' dir='ltr'>se</span> <span class='ocrx_word' id='word_1_320' title='bbox 785 3294 851 3349; x_wconf 89' lang='lat' dir='ltr'>solos</span> <span class='ocrx_word' id='word_1_321' title='bbox 867 3294 1346 3369; x_wconf 81' lang='lat' dir='ltr'>exigimus,luaudscioanlusus1rotiue</span> 
     </span>
     <span class='ocr_line' id='line_1_35' title="bbox 368 3375 1346 3466; baseline 0.011 -41"><span class='ocrx_word' id='word_1_322' title='bbox 368 3387 439 3466; x_wconf 85' lang='lat' dir='ltr'>quam</span> <span class='ocrx_word' id='word_1_323' title='bbox 456 3375 577 3430; x_wconf 88' lang='lat' dir='ltr'>censoriae</span> <span class='ocrx_word' id='word_1_324' title='bbox 587 3377 712 3447; x_wconf 88' lang='lat' dir='ltr'>gravitatis</span> <span class='ocrx_word' id='word_1_325' title='bbox 722 3384 805 3433; x_wconf 91' lang='lat' dir='ltr'>uotam</span> <span class='ocrx_word' id='word_1_326' title='bbox 816 3385 917 3450; x_wconf 89' lang='lat' dir='ltr'>goraut;</span> <span class='ocrx_word' id='word_1_327' title='bbox 930 3393 977 3432; x_wconf 93' lang='lat' dir='ltr'>uec</span> <span class='ocrx_word' id='word_1_328' title='bbox 985 3379 1050 3451; x_wconf 91' lang='lat' dir='ltr'>quod</span> <span class='ocrx_word' id='word_1_329' title='bbox 1060 3378 1159 3433; x_wconf 89' lang='lat' dir='ltr'>eosdem</span> <span class='ocrx_word' id='word_1_330' title='bbox 1169 3380 1258 3437; x_wconf 90' lang='lat' dir='ltr'>maiori</span> <span class='ocrx_word' id='word_1_331' title='bbox 1267 3386 1346 3451; x_wconf 76' lang='lat' dir='ltr'>nocte·</span> 
     </span>
     <span class='ocr_line' id='line_1_36' title="bbox 367 3455 1344 3534; baseline 0.013 -26"><span class='ocrx_word' id='word_1_332' title='bbox 367 3455 417 3508; x_wconf 85' lang='lat' dir='ltr'>rius</span> <span class='ocrx_word' id='word_1_333' title='bbox 428 3456 513 3510; x_wconf 86' lang='lat' dir='ltr'>satirae</span> <span class='ocrx_word' id='word_1_334' title='bbox 524 3457 659 3514; x_wconf 84' lang='lat' dir='ltr'>luvenalis</span> <span class='ocrx_word' id='word_1_335' title='bbox 652 3463 764 3527; x_wconf 81' lang='lat' dir='ltr'>inseruit,</span> <span class='ocrx_word' id='word_1_336' title='bbox 782 3463 1005 3534; x_wconf 84' lang='lat' dir='ltr'>epigrammaticum</span> <span class='ocrx_word' id='word_1_337' title='bbox 1014 3462 1111 3517; x_wconf 81' lang='lat' dir='ltr'>illorum</span> <span class='ocrx_word' id='word_1_338' title='bbox 1122 3462 1231 3521; x_wconf 85' lang='lat' dir='ltr'>indolem</span> <span class='ocrx_word' id='word_1_339' title='bbox 1246 3464 1344 3527; x_wconf 65' lang='lat' dir='ltr'>minuit</span> 
     </span>
     <span class='ocr_line' id='line_1_37' title="bbox 367 3536 1345 3621; baseline 0.014 -30"><span class='ocrx_word' id='word_1_340' title='bbox 367 3536 442 3593; x_wconf 90' lang='lat' dir='ltr'>immo</span> <span class='ocrx_word' id='word_1_341' title='bbox 459 3547 573 3610; x_wconf 91' lang='lat' dir='ltr'>quantum</span> <span class='ocrx_word' id='word_1_342' title='bbox 584 3544 694 3615; x_wconf 89' lang='lat' dir='ltr'>equidem</span> <span class='ocrx_word' id='word_1_343' title='bbox 709 3546 800 3612; x_wconf 87' lang='lat' dir='ltr'>sentio</span> <span class='ocrx_word' id='word_1_344' title='bbox 813 3547 837 3600; x_wconf 91' lang='lat' dir='ltr'>in</span> <span class='ocrx_word' id='word_1_345' title='bbox 854 3546 906 3600; x_wconf 86' lang='lat' dir='ltr'>aliis</span> <span class='ocrx_word' id='word_1_346' title='bbox 924 3562 1020 3619; x_wconf 91' lang='lat' dir='ltr'>quoque</span> <span class='ocrx_word' id='word_1_347' title='bbox 1036 3546 1164 3603; x_wconf 85' lang='lat' dir='ltr'>satirarum</span> <span class='ocrx_word' id='word_1_348' title='bbox 1175 3548 1229 3603; x_wconf 85' lang='lat' dir='ltr'>eius</span> <span class='ocrx_word' id='word_1_349' title='bbox 1238 3546 1345 3621; x_wconf 74' lang='lat' dir='ltr'>parlllu</span> 
     </span>
     <span class='ocr_line' id='line_1_38' title="bbox 367 3620 1344 3707; baseline 0.015 -33"><span class='ocrx_word' id='word_1_350' title='bbox 367 3620 448 3675; x_wconf 89' lang='lat' dir='ltr'>lusum</span> <span class='ocrx_word' id='word_1_351' title='bbox 458 3628 483 3676; x_wconf 92' lang='lat' dir='ltr'>et</span> <span class='ocrx_word' id='word_1_352' title='bbox 493 3623 683 3696; x_wconf 90' lang='lat' dir='ltr'>indignationem</span> <span class='ocrx_word' id='word_1_353' title='bbox 698 3634 747 3683; x_wconf 91' lang='lat' dir='ltr'>tam</span> <span class='ocrx_word' id='word_1_354' title='bbox 759 3644 832 3701; x_wconf 87' lang='lat' dir='ltr'>aegre</span> <span class='ocrx_word' id='word_1_355' title='bbox 849 3630 982 3695; x_wconf 87' lang='lat' dir='ltr'>discernas,</span> <span class='ocrx_word' id='word_1_356' title='bbox 1000 3636 1029 3685; x_wconf 92' lang='lat' dir='ltr'>ut</span> <span class='ocrx_word' id='word_1_357' title='bbox 1047 3630 1170 3687; x_wconf 86' lang='lat' dir='ltr'>interdum</span> <span class='ocrx_word' id='word_1_358' title='bbox 1183 3632 1344 3707; x_wconf 75' lang='lat' dir='ltr'>eqlgrm·</span> 
     </span>
     <span class='ocr_line' id='line_1_39' title="bbox 366 3706 1344 3789; baseline 0.018 -32"><span class='ocrx_word' id='word_1_359' title='bbox 366 3709 420 3759; x_wconf 91' lang='lat' dir='ltr'>tum</span> <span class='ocrx_word' id='word_1_360' title='bbox 430 3706 510 3775; x_wconf 89' lang='lat' dir='ltr'>potins</span> <span class='ocrx_word' id='word_1_361' title='bbox 527 3710 613 3764; x_wconf 90' lang='lat' dir='ltr'>seriem</span> <span class='ocrx_word' id='word_1_362' title='bbox 625 3711 679 3766; x_wconf 84' lang='lat' dir='ltr'>laxa</span> <span class='ocrx_word' id='word_1_363' title='bbox 694 3715 866 3768; x_wconf 86' lang='lat' dir='ltr'>sententiarum</span> <span class='ocrx_word' id='word_1_364' title='bbox 877 3715 1034 3769; x_wconf 88' lang='lat' dir='ltr'>continuitate</span> <span class='ocrx_word' id='word_1_365' title='bbox 1050 3715 1159 3771; x_wconf 85' lang='lat' dir='ltr'>iunctam</span> <span class='ocrx_word' id='word_1_366' title='bbox 1171 3714 1344 3789; x_wconf 67' lang='lat' dir='ltr'>ngmffl·</span> 
     </span>
     <span class='ocr_line' id='line_1_40' title="bbox 358 3786 1343 3871; baseline 0.015 -25"><span class='ocrx_word' id='word_1_367' title='bbox 358 3786 409 3854; x_wconf 85' lang='grc' dir='ltr'>ιιί,</span> <span class='ocrx_word' id='word_1_368' title='bbox 428 3789 494 3866; x_wconf 85' lang='lat' dir='ltr'>qued</span> <span class='ocrx_word' id='word_1_369' title='bbox 505 3790 546 3850; x_wconf 81' lang='lat' dir='ltr'>uti</span> <span class='ocrx_word' id='word_1_370' title='bbox 557 3793 588 3852; x_wconf 86' lang='lat' dir='ltr'>ad</span> <span class='ocrx_word' id='word_1_371' title='bbox 603 3798 726 3855; x_wconf 79' lang='lat' dir='ltr'>ueterem</span> <span class='ocrx_word' id='word_1_372' title='bbox 720 3798 851 3856; x_wconf 72' lang='lat' dir='ltr'>iuuentutis</span> <span class='ocrx_word' id='word_1_373' title='bbox 859 3798 1057 3854; x_wconf 78' lang='lat' dir='ltr'>cousuetudinem</span> <span class='ocrx_word' id='word_1_374' title='bbox 1071 3792 1178 3871; x_wconf 55' lang='lat' dir='ltr'>revoces</span> <span class='ocrx_word' id='word_1_375' title='bbox 1194 3790 1343 3860; x_wconf 57' lang='lat' dir='ltr'>lteeffi</span> 
     </span>
    </p>
   </div>
   <div class='ocr_carea' id='block_1_5' title="bbox 0 0 1638 4409">
    <p class='ocr_par' dir='ltr' id='par_1_6' title="bbox 0 0 1638 4409">
     <span class='ocr_line' id='line_1_41' title="bbox 0 0 1638 4409; baseline 0 4"><span class='ocrx_word' id='word_1_376' title='bbox 0 0 1638 4409; x_wconf 95' lang='lat' dir='ltr'> </span> 
     </span>
    </p>
   </div>
  </div>
 </body>
</html>
