3267 4409
475 521 478 524 .
522 461 862 526 EPIGRAMMATON
873 462 947 527 ΠΒ.
962 463 1039 530 VIII.
1080 504 1086 510 -

716 664 855 730 XXXIX.

311 847 315 855 f
349 778 409 856 Qui
421 775 579 842 Palatinae
596 784 722 859 caperet
740 780 877 840 convivia
889 797 1014 840 mensae

391 863 630 942 Ambrosiasque
646 863 756 943 dapes,
777 883 840 924 uon
855 871 923 924 erat
937 869 1008 925 ante
1022 862 1121 926 locun.

347 947 409 1008 llic
423 948 549 1008 haurire
565 947 657 1008 decet
673 967 810 1026 sacrum,
834 949 1036 1029 Germanice,
1056 955 1165 1012 nectar

389 1032 432 1092 Et
450 1032 648 1111 Ganymedea
660 1031 770 1111 pocula
783 1033 877 1092 mirta
890 1052 990 1093 manu.
1054 1039 1058 1047 '

323 1115 427 1178 §Esse
441 1114 535 1194 velis,
557 1135 629 1194 oro,
651 1118 739 1176 serns'
757 1116 1063 1186 conviva,'lonantis=

388 1201 432 1260 At
445 1206 479 1261 tn
492 1201 521 1261 si·
531 1219 698 1281 properas,
718 1201 873 1281 Iuppiter,
892 1202 960 1284 ipse
976 1201 1055 1262 veni.
1075 1209 1082 1220 '

346 1431 417 1494 Non
432 1433 533 1511 horti,
554 1451 656 1511 neque
670 1431 804 1514 palmitis
820 1436 920 1514 beati,

348 1516 413 1577 Sed
425 1517 489 1577 rari
503 1518 656 1596 nemoris,
677 1519 806 1598 Priape,
830 1525 950 1600 custos,

347 1602 395 1662 Ex
410 1620 470 1681 quo
484 1608 574 1661 natus
589 1620 624 1662 es
639 1609 671 1662 et
684 1610 775 1682 potes
792 1604 930 1683 renasci,

343 1685 497 1764 Furaces,
520 1705 648 1764 moneo,
668 1707 774 1747 manus
788 1686 927 1768 repellas
968 1683 971 1686 ’

322 1770 389 1833 ant
403 1768 509 1829 silvam
525 1769 640 1830 domini
654 1771 732 1831 focis
748 1790 902 1833 reserves.

345 1854 379 1914 Si
394 1852 548 1915 defecerit
561 1855 656 1935 haec,
676 1861 709 1916 et
722 1858 790 1939 ipse
803 1856 921 1936 lignum
935 1874 979 1919 es.

743 1983 822 2046 XLI.

346 2079 462 2142 Tristis
477 2081 689 2161 Athenagoras
706 2102 768 2143 non
782 2084 865 2144 misit
878 2101 1006 2144 munera
1020 2084 1126 2164 nobis,

390 2167 474 2243 Quae
491 2166 593 2227 medio
609 2169 735 2226 brumae
749 2168 875 2228 mittere
893 2186 999 2229 mense
1013 2166 1103 2228 solet.

345 2251 394 2310 An
408 2251 450 2309 sit
464 2251 677 2329 Athenagoras
691 2252 806 2330 tristis,
828 2252 992 2331 FaustIne,
1010 2250 1140 2314 videbor

386 2335 441 2395 Me
456 2341 543 2395 certe
557 2337 678 2396 tristem
692 2337 770 2396 fecit
782 2336 1004 2417 Athenagoras.
1068 2344 1071 2349 ’

736 2480 828 2544 XLII.
875 2522 878 2527 -

347 2574 380 2635 Si
398 2582 431 2637 te
446 2574 588 2657 sportula
603 2579 701 2638 maior
718 2579 757 2639 ad
770 2582 879 2640 beatos

347 2658 416 2735 Non
432 2663 623 2742 corruperit,
644 2669 679 2723 ut
692 2664 789 2742 solet,
810 2665 920 2726 licebit

345 2743 392 2805 lle
408 2752 534 2825 nostro,
555 2746 680 2828 Matho,
703 2749 844 2809 centiens
856 2748 981 2812 laveris.

728 2877 833 2939 XLIII.

346 2973 450 3039 Effert
462 2992 573 3033 uxores
586 2973 717 3053 Fabius,
739 2974 908 3036 Chrestilla
921 2975 1065 3054 marltos,

305 3109 309 3133 ,
389 3057 627 3138 Funereamque
644 3061 722 3119 toris
737 3065 860 3138 quassat
873 3066 1006 3139 uterque
1020 3059 1129 3118 focam.

347 3142 493 3206 Victores
509 3145 683 3222 committe,
704 3144 828 3205 Venus:
850 3162 926 3222 quos
940 3145 1000 3202 iste
1015 3139 1152 3202 manebit

388 3228 515 3307 Exitus,
536 3236 596 3288 un'a
612 3226 688 3289 duos
703 3234 738 3288 ut
751 3227 888 3288 Libitum
901 3228 992 3289 ierat.
1129 3238 1131 3242 ’

730 3354 838 3417 XLIV.

348 3453 486 3533 Titulle,
505 3474 631 3534 moneo,
651 3455 735 3515 vire:
758 3471 882 3533 semper
895 3452 954 3513 hoc
972 3469 1075 3520 serum
1092 3456 1150 3516 est.

350 3539 412 3600 Sub
427 3539 606 3621 paedagogo
622 3541 763 3620 coeperis
776 3537 870 3615 licet,
892 3555 995 3597 serum
1011 3541 1067 3599 est.

349 3625 391 3684 At
404 3631 454 3703 tu,
475 3625 570 3684 miser
587 3623 724 3701 Titulle,
744 3642 803 3683 nec
820 3640 916 3682 senex
930 3621 1023 3703 vivis,
1073 3670 1075 3675 .
1115 3660 1129 3683 ·.
1190 3655 1193 3659 .

350 3708 413 3769 Sed
429 3728 518 3771 omne
532 3709 628 3770 lImen
643 3709 779 3771 conteris
794 3704 945 3770 salutator
1033 3750 1037 3773 1
1123 3738 1136 3767 ·.

1212 502 1215 507 ,
1243 465 1305 531 185
