3267 4409
640 488 684 550 M.
699 486 790 552 vAL.
808 486 1032 550 MARTIALIS

781 692 888 767 cxiv.
958 652 962 660 ’

402 808 478 867 Cum
493 807 534 866 sls
547 823 607 864 nec
620 803 719 883 rigida
733 805 898 865 Fabiorum
913 811 1005 883 geute
1020 811 1156 886 creatus,

399 890 465 952 Nec
480 890 599 970 qualem
618 889 727 963 Curio,
750 889 821 948 dum
836 889 963 970 prandia
977 895 1081 969 portat
1095 892 1209 965 aranti,

399 975 526 1034 Hirsuta
539 975 664 1053 peperit
679 973 830 1053 deprensa
845 974 899 1033 rub
915 973 988 1033 ilice
1005 976 1150 1035 coniunx:

400 1057 463 1118 Sed
477 1059 574 1139 patris
589 1056 627 1116 ad
642 1057 799 1137 speculum
815 1057 896 1118 tonsi
911 1060 1077 1136 matrisque
1092 1064 1214 1138 togatae

377 1142 497 1204 5Filius
513 1150 545 1201 et
558 1142 657 1221 possit
671 1161 813 1221 sponsam
826 1147 859 1201 te
874 1162 984 1222 sponsa
998 1161 1122 1202 vocare:

397 1225 572 1286 Emendare
587 1243 688 1302 meos,
711 1244 786 1304 quoa
800 1227 886 1285 novit
899 1226 993 1302 fama,
1014 1224 1140 1286 libellos

397 1311 439 1370 Et
453 1311 510 1369 tibi
529 1310 683 1388 permittis
697 1307 808 1369 felices
826 1328 954 1390 carpere
967 1328 1079 1388 nugas:

397 1394 477 1472 Has,
498 1395 637 1472 inquam,
658 1412 771 1472 nugas,
793 1395 901 1471 quibus
918 1412 1020 1452 aurem
1038 1392 1200 1454 advertere
1215 1402 1310 1456 totam

397 1478 467 1537 Non
483 1481 684 1557 aspernantur
697 1496 845 1557 proceres
861 1478 1007 1556 urbisque
1023 1478 1161 1557 forique,

356 1572 391 1623 10
399 1562 479 1636 Quas
495 1566 527 1620 et
541 1561 685 1640 perpetui
700 1560 865 1639 dignantur
879 1563 991 1620 scrinia
1008 1560 1067 1620 Sili
1083 1572 1086 1581 ’

396 1647 438 1708 Et
450 1646 566 1724 repetit
580 1646 694 1703 totiens
708 1644 840 1704 facundo
855 1644 990 1723 Regulus
1007 1663 1076 1722 ore,

398 1730 519 1807 Quique
532 1726 617 1787 videt
630 1730 756 1807 propius
770 1730 870 1806 magni
885 1729 1052 1789 certamina
1067 1729 1151 1789 Circi

395 1812 514 1872 Laudat
528 1812 698 1874 Aventinae
709 1813 825 1871 vicinus
845 1813 922 1872 Sura
936 1815 1060 1874 Dianae.
1204 1881 1216 1893 ρ

396 1897 465 1975 lpse
480 1897 572 1956 etiam
587 1901 672 1955 tanto
688 1894 827 1955 dominus
842 1898 897 1956 sub
912 1896 1052 1976 pondere
1066 1915 1171 1958 rernm

355 1993 388 2043 15
396 1982 463 2040 Non
478 1978 661 2055 dedignatur
676 1981 723 2039 bis
738 1986 850 2058 terque
865 1979 1024 2040 revolvere
1040 1982 1161 2042 Caesar.

397 2063 460 2125 Sed
475 2065 532 2123 tibi
545 2064 614 2143 plus
627 2066 756 2140 mentis,
777 2065 836 2139 tibi
850 2060 903 2124 cor
915 2063 1042 2124 limante
1056 2066 1198 2125 Minerva

317 2213 319 2217 ,
396 2150 554 2208 Acriuset
567 2154 677 2207 tenues
692 2144 848 2207 finxerunt
860 2156 969 2228 pectus
983 2149 1133 2211 Athenae.

395 2233 441 2291 Ne
456 2230 588 2310 valeam,
608 2233 710 2291 sinon
725 2231 821 2291 multo
837 2233 918 2312 sapit
933 2231 1024 2291 altius
1041 2230 1134 2309 illud,

398 2315 486 2391 Quod
502 2337 567 2374 cum
583 2317 755 2395 panticibus
768 2316 845 2376 laxis
861 2322 893 2375 et
909 2336 977 2376 cum
994 2315 1075 2395 pede
1090 2315 1198 2394 grandi

353 2401 436 2462 aunt
450 2403 545 2459 rubro
558 2398 705 2478 pulmone
718 2405 806 2459 vetus
821 2401 965 2477 nasisque
982 2399 1151 2460 timendum

397 2485 505 2543 Omnia
520 2481 655 2542 crudelis
668 2481 767 2542 lanius
782 2501 840 2562 per
855 2485 987 2563 compita
1001 2489 1114 2563 portat.
1137 2480 1142 2486 ’
1283 2537 1287 2548 ,

396 2565 500 2627 Audes
519 2575 701 2646 praeterea,
727 2586 802 2646 quos
816 2565 918 2626 nullus
934 2569 1072 2646 noverit,
1095 2569 1125 2626 in
1141 2587 1191 2628 mc
1294 2619 1305 2626 ,

395 2653 540 2719 Scribere
555 2648 723 2710 versiculos
738 2652 865 2710 miseras
880 2656 913 2709 ct
926 2649 1061 2732 perdere
1077 2653 1206 2717 chartas.
1341 2666 1346 2673 ’

395 2736 437 2794 At
450 2737 477 2794 si
492 2733 565 2814 quid
580 2741 704 2794 nostrae
718 2735 776 2794 tibi
790 2733 862 2794 bilis
877 2735 1025 2795 inusserit
1043 2734 1153 2816 ardor,

351 2831 386 2883 25
393 2821 485 2881 Vivet
499 2824 531 2879 et
544 2820 687 2878 haerebit
698 2824 825 2896 totaque
839 2817 961 2896 legetur
975 2821 1007 2879 in
1022 2822 1115 2896 urbe,

354 2920 356 2925 ’
395 2904 542 2980 Stigmata
554 2922 612 2962 nec
628 2903 713 2962 vafra
727 2900 847 2963 delebit
861 2903 1025 2963 Cinnamus
1040 2909 1205 2967 arte..

395 2986 459 3048 Sed
472 2989 622 3047 miserere
638 2987 698 3065 tui,
719 2986 828 3046 rabido
843 3005 901 3046 nec
914 2988 1054 3067 perditus
1069 3006 1124 3048 ore

392 3073 574 3134 Fumantem
589 3075 693 3130 nasum
708 3072 766 3130 vivi
781 3074 980 3152 temptaveris
994 3073 1068 3132 ursi
1296 3138 1301 3142 ,

394 3157 442 3216 Sit
454 3155 592 3237 placidus
606 3154 683 3215 licet
697 3161 730 3215 et
743 3154 859 3216 lambat
875 3155 1048 3258 digitosque
1061 3173 1247 3237 manusque,

351 3241 425 3303 aoSi
441 3240 530 3300 dolor
546 3246 579 3300 et
592 3239 681 3317 bilis,
702 3241 729 3299 si
746 3243 826 3300 iusta
841 3243 1000 3319 coegerit
991 3260 1053 3318 rra,

392 3325 490 3385 Ursus
505 3325 582 3384 crit.
602 3344 696 3385 vacua
710 3322 845 3383 dentes
835 3343 867 3384 m
881 3324 967 3405 pelle
980 3325 1091 3403 fatiges

392 3409 433 3468 lot
449 3409 571 3468 tacitam
587 3427 731 3488 quaeras,
752 3428 842 3487 quam
854 3410 955 3489 possis
968 3409 1099 3488 rodere,
1121 3428 1254 3472 carnem.
1308 3425 1313 3436 “

775 3541 868 3604 LXV.

391 3658 608 3737 „Hexametris
622 3660 807 3739 epigramma
822 3657 921 3719 facis“
938 3659 1002 3720 scio
1019 3659 1124 3721 dicere
1141 3660 1285 3734 Tuccam.

434 3742 554 3823 Tucca,
576 3740 658 3804 solet
670 3745 757 3822 fieri,
779 3743 931 3825 denique,
953 3743 1072 3824 Tucca,
1093 3744 1179 3810 licet.
