3267 4409
523 960 526 965 .
568 865 927 964 Pulli-llio.

336 1137 387 1197 De
401 1136 508 1195 Persio
529 1135 677 1218 quidquid
691 1137 830 1198 novimus
850 1137 916 1197 fere
937 1136 1083 1198 habemus
1104 1157 1144 1198 ex
1158 1139 1234 1197 anti-

291 1241 316 1280 ιιι
330 1221 404 1294 vita,
422 1234 512 1300 quam
528 1219 648 1280 codices
664 1225 698 1280 de
714 1225 906 1280 commentario
921 1223 1008 1279 Probi
1026 1224 1130 1280 Valerii
1142 1224 1234 1279 subla-

291 1326 309 1363 η
323 1303 513 1383 praedicant,
521 1302 574 1361 alii
588 1303 716 1364 fortasse
733 1303 773 1363 ad
788 1303 926 1364 Suetonii
940 1303 1114 1383 Tranquilli
1128 1305 1236 1365 librum

291 1416 294 1443 t
320 1387 395 1446 viris
419 1385 585 1445 illustribus
608 1387 723 1447 referre
742 1388 871 1461 malent,
898 1407 988 1467 quem
1015 1395 1118 1453 tamen
1137 1389 1237 1468 ipsum

291 1470 388 1529 robum
405 1477 559 1529 auctorem
577 1471 665 1549 sequi
679 1472 814 1550 potuisse
832 1469 869 1531 Ο.
891 1468 915 1530 J
916 1470 1022 1530 ahnius
1041 1472 1073 1530 in
1087 1471 1235 1530 Ritschel.

291 1573 382 1631 trerg.
404 1553 537 1612 Plautin.
558 1573 588 1631 p.
612 1550 672 1613 618
698 1562 728 1613 et
750 1554 809 1612 Th.
833 1555 1047 1613 Mommsenius
1065 1554 1097 1614 in
1120 1553 1234 1615 (lemm.

291 1652 325 1696 tc.
342 1636 388 1696 lit.
403 1636 488 1715 Lips.
504 1635 541 1694 Τ.
563 1635 588 1709 Ι,
603 1656 633 1715 p.
652 1636 712 1696 677
729 1636 816 1697 docte
831 1646 1026 1714 monuerunt3
1047 1637 1127 1697 hanc
1145 1639 1236 1715 igitur

291 1738 360 1780 esse
381 1728 519 1792 secutus,
536 1720 677 1799 quoniam
698 1721 788 1780 etiam
806 1720 845 1780 de
861 1729 953 1800 poeta
973 1722 1039 1801 ipso
1059 1741 1159 1781 novae
1178 1720 1235 1779 Sa-

291 1822 380 1862 ¹orum
393 1803 475 1862 illius
491 1800 616 1862 editioni
630 1803 746 1883 aliquid
756 1805 909 1883 praemitti
922 1803 1073 1863 redemtor
1086 1803 1234 1863 honestis·

291 1906 347 1946 nus
363 1886 474 1958 voluit,
493 1905 571 1966 quae
592 1887 664 1944 mihi
685 1895 845 1965 praeterea
862 1886 903 1945 ad
922 1886 1002 1945 hanc
1015 1887 1236 1965 praefationem

291 1970 408 2030 rtinere
422 1969 489 2028 visa
505 1977 582 2042 sunt,
595 1978 646 2028 aut
660 1970 815 2029 literarum
826 1969 929 2029 formis
941 1969 1082 2028 distincta
1093 1969 1167 2049 ipsis
1182 1990 1234 2029 ve-

291 2053 327 2112 ris
348 2053 536 2132 grammatici
555 2053 657 2112 verbis
679 2053 847 2133 interposui
869 2060 921 2112 aut
945 2051 986 2111 ad
1008 2052 1100 2112 finem
1123 2062 1236 2133 quanta

291 2137 340 2196 tui
354 2136 504 2196 brevitate
522 2135 647 2214 subjeci.
1045 2196 1050 2216 ι

339 2222 427 2279 Natus
454 2220 546 2296 igitur
568 2229 608 2277 est
633 2222 720 2278 Aulus
741 2222 857 2280 Persius
878 2223 1000 2279 Flaccus
1020 2222 1115 2295 pridie
1140 2222 1236 2279 Nonas

291 2306 418 2362 membres
438 2306 523 2362 Fabr‘o
542 2304 655 2362 Persico
677 2305 760 2362 Lucio
791 2307 892 2362 Vilellio
915 2307 1082 2376 consulibus,
1107 2303 1159 2385 qui
1182 2323 1234 2362 an·

291 2407 311 2446 is
330 2394 395 2446 erat
408 2407 439 2466 p.
457 2385 527 2445 chr.
542 2406 573 2444 n.
590 2385 638 2459 34,
660 2407 690 2446 ιι.
717 2407 743 2446 c.
759 2384 837 2462 7873
859 2391 974 2445 decessit
996 2388 1075 2446 VIII
1092 2390 1236 2447 Kalendas

291 2472 420 2529 tremores
444 2472 540 2528 Publio
560 2471 652 2528 Marto
672 2473 765 2529 AsInto
789 2473 866 2530 Gallo
891 2473 1060 2544 consulibus,
1082 2470 1181 2545 idest
1204 2492 1235 2551 p.

291 2574 328 2613 rr.
349 2573 380 2613 n.
396 2550 446 2626 62,
466 2574 496 2611 ιι.
515 2573 541 2612 c.
561 2550 632 2626 815,
654 2553 736 2614 unde
751 2574 790 2614 nc
812 2553 1097 2632 duodetrigesimum
1114 2554 1237 2634 quidem

291 2656 368 2696 num
382 2637 532 2714 integrum
548 2656 615 2696 eum
633 2638 832 2717 complevisse
853 2638 1059 2714 intelligimus.
1095 2641 1184 2696 Notus
1198 2647 1239 2694 est

302 2722 421 2779 Etruria
450 2724 600 2779 Volaterras
620 2737 701 2795 eques
721 2724 877 2793 Romanus,
899 2726 1031 2794 sanqut'ne
1049 2729 1075 2778 et
1101 2723 1237 2794 asfim‘tute

291 2808 339 2862 imi
361 2805 466 2861 ordtns‘s
485 2808 550 2861 ur'ris
574 2807 751 2877 conjunctus,
772 2823 832 2884 quo
857 2823 1024 2880 exgenere
1039 2822 1101 2861 non
1117 2802 1236 2865 dubita-

291 2906 318 2946 rs
335 2886 408 2967 quin
426 2885 516 2945 etiam
534 2886 645 2946 Lucilii
662 2887 715 2947 ille
731 2887 868 2966 aequalis
882 2886 987 2959 fuerit,
1003 2905 1093 2965 quem
1110 2884 1236 2944 Catulus

291 2968 339 3028 ud
360 2966 425 3028 Cic.
442 2967 527 3029 Orat.
544 2969 586 3028 Π.
611 2969 640 3030 6.
659 2967 698 3028 25
719 2971 850 3029 omniurn
866 2989 940 3028 suae
956 2969 1064 3028 aetatis
1084 2968 1237 3028 hominum

294 3053 460 3113 ctissimum
481 3052 617 3132 appellat
635 3052 794 3134 eidemque
808 3052 955 3127 nonnulli,
970 3060 1048 3112 teste
1071 3050 1133 3112 cic.
1149 3051 1235 3111 Brut.

291 3166 303 3195 ι.
323 3133 380 3207 99,
396 3135 564 3195 orationem
580 3156 599 3194 a
613 3137 731 3195 Fannio
747 3145 851 3196 contra
868 3135 902 3196 (i.
920 3135 1090 3195 Gracchum
1102 3134 1236 3194 habitam

291 3218 442 3294 buebant3
464 3251 507 3262 -
519 3222 636 3277 'decessit
656 3227 756 3279 autem
776 3228 879 3279 noster
894 3223 933 3278 acl
945 3230 1066 3278 saeuum
1081 3223 1236 3276 milliarium

291 3323 296 3361 ι
316 3305 413 3376 Appia
427 3307 456 3360 in
471 3307 597 3376 proediis
619 3307 693 3375 suis,
720 3323 798 3382 quae
821 3311 890 3362 sunt
910 3303 962 3382 qui
979 3300 1043 3361 Sat.
1059 3302 1114 3361 VI.
1132 3300 1172 3360 55
1187 3321 1234 3360 re-

291 3386 331 3445 ici
353 3392 477 3465 putant,
501 3405 676 3465 quanquam
697 3387 758 3444 alia
784 3406 905 3466 quoque
926 3387 958 3444 in
977 3385 1120 3445 Etruriae
1140 3386 1234 3444 conti·

292 3489 373 3529 aevo
389 3469 534 3546 Liguriae
557 3489 610 3528 ora
633 3489 701 3528 eum
716 3469 890 3548 possedisse
911 3489 951 3528 ex
972 3468 1108 3546 ejusdem
1124 3470 1236 3530 satirae

291 3552 401 3631 incipio
414 3552 505 3611 facile
518 3553 696 3629 colligimus.
723 3555 809 3611 Pater
829 3558 891 3627 ejus
908 3557 1028 3611 Florem
1040 3557 1175 3627 pupillum
1189 3571 1235 3612 re-

291 3640 330 3693 uit
349 3640 468 3694 moriens
489 3655 625 3703 annorum
642 3639 707 3711 fere
728 3654 795 3712 εει,
814 3638 1056 3696 FuluiaSssenm'a
1077 3646 1164 3694 muter
1183 3656 1235 3694 nu·

291 3724 420 3794 tposea
433 3722 520 3780 Fusio
541 3724 624 3795 equiti
646 3723 772 3780 Romano
795 3730 821 3780 et
841 3739 902 3780 eum
924 3725 1156 3798 quoqueeoututit
1170 3724 1250 3774 ὶιιιτιι
