3267 4409
256 3912 267 4051 j

700 454 826 503 saurus
847 454 897 503 11.
1251 449 1290 509 77

370 538 394 575 Ο

296 598 388 662 Tunc
409 592 489 657 rudis
510 600 540 655 et
561 588 660 653 Graias
686 595 782 653 mirari
804 594 921 653 nescius
944 603 1021 653 artes
1243 611 1293 663 100

295 680 433 745 Urbibus
454 676 568 739 eremis
590 676 760 755 praedarum
784 680 810 737 in
836 688 917 756 parte
938 686 1055 756 reperta

296 764 476 843 flagrorum
499 758 639 821 artillcum
663 761 814 837 lrengebat
836 761 942 839 pocula
962 762 1056 837 miles,

296 848 339 912 Ut
360 846 494 927 phaleris
516 842 657 921 gauderet
683 862 774 923 equus
800 845 972 923 caelataque
994 847 1086 905 cassis

297 930 468 995 Romuleae
490 927 643 988 simulacra
670 930 750 989 leroe
774 948 981 989 mansuescere
1008 932 1105 990 iussae

297 1015 424 1095 lmperii
450 1014 526 1087 lato,
549 1012 680 1087 geminos
702 1012 754 1071 sub
778 1031 850 1090 rupe
872 1012 1018 1088 Quirinos,

299 1100 347 1161 Ao
374 1096 479 1158 nudam
499 1096 626 1171 elligiem
651 1096 746 1173 clipeo
770 1098 912 1155 uenientis
932 1106 961 1156 et
982 1096 1096 1158 hasta„

298 1180 522 1259 Pendentisqne
548 1177 593 1240 clei
620 1182 747 1257 perituro
772 1180 939 1239 ostenderet
963 1178 1049 1240 hosti.

299 1264 458 1328 Porrebant
481 1265 566 1341 igitur
591 1262 687 1323 'lusco
709 1264 814 1323 turrate
835 1265 944 1329 estium

300 1348 431 1429 Argenti
456 1348 631 1426 quoderat,
655 1346 726 1405 solis
750 1347 882 1423 fulgebat
904 1349 931 1405 irr
953 1349 1051 1405 armis.

301 1432 408 1493 Omnia
431 1440 514 1507 tunc,
539 1430 641 1509 quibua
663 1431 807 1506 invidens,
832 1433 857 1490 si
880 1430 1014 1490 lividulus
1035 1432 1085 1489 sis.

301 1516 495 1595 'l'emplornm
516 1530 633 1593 quoque
654 1514 788 1573 maiestas
812 1517 995 1593 praesentior
1016 1523 1045 1573 et
1067 1531 1125 1573 vox

300 1600 402 1663 Nocte
425 1600 488 1659 iere
509 1598 602 1657 media
624 1597 802 1676 mediamque
825 1598 919 1657 arrditn
941 1617 994 1677 per
1016 1598 1126 1675 urbem,

301 1684 404 1746 Litore
430 1682 466 1743 ab
487 1680 595 1741 Oceani
618 1680 706 1741 Gallis
727 1682 908 1741 uenientibus
932 1692 962 1742 et
983 1682 1027 1741 uis

303 1766 442 1829 Officium
464 1768 537 1825 vatis
558 1766 779 1843 peragentibns;
803 1766 847 1825 bis
870 1769 978 1825 nrnnnit
999 1784 1063 1841 nos,

302 1852 388 1913 llano
414 1850 503 1911 rebus
526 1848 612 1909 Latiis
635 1868 731 1909 curem
758 1860 909 1927 prnestnre
930 1849 1046 1909 solebat

301 1934 420 1997 Fictilis
447 1942 477 1993 et
498 1931 576 1992 rrurllo
603 1933 727 1991 violatus
753 1932 881 2011 luppiter
904 1950 984 1993 auro.

302 2020 358 2081 llla
385 2018 564 2078 dominatus
588 2026 745 2093 nostraque
772 2036 809 2076 ex
832 2017 935 2076 arbore
959 2033 1073 2075 mensas

303 2102 456 2181 Tempora
478 2101 623 2167 vilernnt;
646 2101 699 2160 hos
722 2102 828 2177 lignum
852 2101 946 2161 stabat
968 2101 1003 2159 aul
1025 2118 1103 2174 usus,

302 2186 458 2249 Annosam
479 2186 503 2244 si
527 2184 601 2243 lorte
622 2202 724 2244 nucem
748 2185 896 2244 deiecerat
920 2204 1014 2245 eurus.

302 2272 342 2331 Ar
368 2286 447 2329 nnnc
472 2268 605 2329 divitibus
628 2268 767 2328 coenandi
790 2269 866 2328 nulla
885 2269 1031 2347 voluptas,

303 2353 353 2415 Nil
378 2351 535 2427 rhombus,
561 2352 600 2411 nil
623 2352 704 2412 dama
727 2355 817 2430 sapit,
842 2362 943 2430 putere
965 2352 1095 2411 videntur

303 2438 463 2515 Unguenta
490 2444 576 2513 atque
599 2452 700 2511 rosae,
724 2436 798 2495 latos
819 2439 872 2495 nisi
894 2439 1015 2496 sustinet
1039 2436 1126 2496 orbes

304 2521 425 2585 Gnncle
447 2519 520 2580 ebur
542 2529 570 2579 et
592 2537 695 2597 magno
720 2519 849 2579 sublimis
872 2522 977 2599 parrlns
1000 2521 1088 2597 biatu,

303 2604 452 2667 Dentibus
477 2622 514 2663 ex
540 2603 613 2679 illis,
637 2621 710 2681 quos
732 2605 813 2663 mittit
835 2614 918 2682 porta
940 2607 1053 2680 Syenes

305 2688 342 2750 Et
367 2688 461 2749 llauri
485 2688 600 2747 celeres
624 2697 652 2746 et
674 2686 773 2746 blauro
799 2687 952 2748 obscurior
970 2689 1067 2765 lnulus,

306 2773 344 2835 m
375 2788 451 2851 quos
475 2770 610 2849 deposuit
632 2770 782 2831 Nabataeo
805 2771 902 2832 bellua
925 2772 1010 2846 saltu,

305 2856 367 2917 lam
390 2856 494 2915 nimios
516 2857 660 2933 capitique
678 2874 793 2932 graves.
832 2855 903 2916 Hinc
929 2857 1020 2932 surgit
1044 2858 1152 2929 oreris,

305 2940 382 3001 llinc
400 2938 551 3000 stomacho
575 2940 669 3007 vires;
694 2958 756 2998 nam
781 2959 835 3018 pes
856 2949 1010 3016 argenteus
1034 2939 1102 3013 illis,

305 3023 441 3086 Anneius
465 3024 493 3082 in
520 3022 609 3099 eligito
633 3024 710 3101 qnod
737 3024 860 3084 ferrens.
899 3023 979 3101 Ergo
1002 3022 1156 3100 superbum

307 3106 470 3169 Convivam
494 3125 605 3183 cerco,
629 3110 676 3184 qui
699 3127 744 3167 me
766 3108 820 3166 sibi
843 3117 992 3185 comparet
1015 3116 1044 3167 et
1065 3126 1112 3167 res
1241 3115 1289 3167 130

306 3192 446 3271 Despicit
470 3192 600 3267 exiguas.
635 3191 719 3251 Adeo
741 3192 820 3251 nulla
845 3194 927 3251 uncia
948 3192 1031 3251 nobis

307 3276 362 3338 Est
384 3274 485 3335 eboris
509 3292 563 3333 nec
585 3275 724 3335 tessellae
750 3294 805 3335 nec
831 3276 960 3335 calculus
985 3294 1023 3335 cx
1046 3274 1101 3336 hac

306 3359 450 3435 llateria,
472 3359 539 3436 quin
564 3360 626 3437 ipsa
651 3358 796 3419 manubria
821 3360 1004 3419 cultellorum

307 3442 420 3510 Ossea:
444 3451 619 3503 nontamen
648 3443 692 3502 his
717 3443 774 3502 ulla
801 3462 933 3520 umquem
953 3443 1075 3502 obsonia
1097 3442 1165 3501 fiunt

306 3526 492 3601 Rancidula‚
519 3527 655 3586 antideo
682 3528 766 3605 peior
790 3526 896 3604 gallina
923 3536 1048 3587 secatur.
1241 3533 1291 3588 135

306 3611 368 3673 Sed
391 3628 450 3669 nec
473 3618 598 3668 structor
627 3612 700 3686 erit,
725 3612 770 3670 cui
796 3611 902 3679 cedere
928 3610 1034 3669 debeat
1055 3611 1146 3669 omnis

305 3692 451 3773 lugula,
475 3692 635 3773 discipulus
658 3693 800 3773 Trypheri
822 3693 968 3771 doctoris,
990 3694 1068 3774 apul
1093 3712 1179 3774 quem
