3267 4409
471 1323 1172 1462 sunrauanusamun„

742 1547 901 1563 a*

327 1712 427 1788 Musa,
440 1711 547 1792 'quibus
560 1712 686 1773 numeris
700 1711 807 1773 heroas
823 1718 853 1770 et
869 1725 947 1770 arum
961 1708 1146 1789 frequentas,

327 1795 478 1859 Fabellam
493 1798 628 1875 permitte
642 1796 711 1856 mihi
725 1791 867 1857 detexere
884 1794 996 1872 paucis.

327 1880 400 1942 Nam
415 1879 465 1942 tibi
482 1881 610 1956 secessi,
626 1888 722 1941 mcum
737 1876 889 1959 penetrale
904 1884 1065 1939 retractans
1138 1875 1140 1879 ’

329 1962 503 2039 Consilium
528 1982 618 2043 quare
633 1982 689 2025 nec
705 1965 831 2025 carmine
846 1979 932 2023 curro
946 1961 1092 2024 Phalaeco

328 2048 393 2110 Nec
410 2050 540 2109 trimetro
556 2048 651 2109 iambo
667 2066 723 2109 nec
741 2049 788 2127 qui
805 2046 883 2127 pede
899 2044 1009 2108 fractus
1024 2046 1129 2109 eodem
1294 2060 1312 2114 5

327 2131 455 2195 Fortiter
471 2133 558 2193 irasci
571 2132 671 2195 didicit
686 2132 760 2194 duce
775 2130 973 2193 Clazomenio.

329 2215 518 2295 ceteroquin
535 2218 635 2294 etiam,
652 2224 723 2296 quot
737 2216 863 2295 deniqne
877 2215 955 2277 milia
981 2213 1038 2276 lusi

328 2300 481 2380 Primaque
494 2301 639 2362 Romanas
654 2302 740 2362 docui
756 2300 935 2362 contendere
953 2298 1047 2361 Gratis

326 2382 365 2444 Et
380 2384 488 2445 salibus
503 2386 616 2447 variare
631 2386 732 2463 novis,
755 2392 922 2446 constanter
936 2385 1053 2461 omitto,

327 2467 440 2547 Teque,
457 2469 559 2549 quibus
575 2471 713 2550 princeps
729 2477 760 2530 et
775 2468 981 2530 facundissima
997 2468 1107 2547 calles,
1280 2480 1315 2532 10

327 2550 512 2630 Aggredior:
534 2554 673 2632 precibus
688 2553 839 2614 descende
854 2552 968 2614 clientis
982 2552 1017 2614 'et
1031 2552 1106 2614 andi.

369 2635 425 2694 Dic
439 2636 523 2713 mihi,
540 2634 691 2717 Calliope,
708 2638 842 2715 quidnam
856 2645 941 2716 pater
954 2636 1005 2698 ille
1021 2637 1150 2720 deorum,

329 2716 467 2795 Cogitat?
493 2738 528 2780 au
543 2728 636 2780 terras
655 2728 685 2781 et
700 2723 793 2798 patria
808 2721 910 2781 secula
924 2729 1031 2799 mutat,

329 2802 466 2882 Quasque
482 2803 562 2865 dedit
579 2806 739 2883 quondam,
753 2805 942 2867 morientibus
959 2806 1048 2885 eripit
1062 2813 1160 2884 artes,

326 2884 448 2965 Nosque
464 2887 544 2948 iubet
559 2891 664 2950 tacitos
680 2898 710 2950 et
724 2890 779 2950 iam
794 2888 913 2951 rationis
929 2908 1042 2968 egenos
1279 2897 1313 2951 15

327 2967 394 3031 Non
411 2970 511 3049 aliter,
529 2974 621 3051 primo
638 2991 723 3052 quam
738 2992 824 3053 quum
840 2976 1016 3035 surreximus
1032 2991 1125 3053 acro,

330 3052 488 3115 Glandibus
503 3064 533 3117 et
549 3074 641 3135 purae
655 3075 755 3118 rursus
770 3058 964 3138 procumbere
979 3056 1139 3139 lymphae?

327 3137 374 3198 An
389 3138 518 3219 reliquas
536 3148 632 3202 terras
650 3151 805 3203 conservat
821 3144 928 3204 amicus
945 3152 976 3204 et
989 3142 1092 3220 urbes,

286 3236 288 3240 '
329 3220 389 3282 Sed
406 3240 499 3300 genus
514 3223 673 3286 Ausonium
688 3225 861 3306 Remulique
877 3225 1011 3287 exturbat
1025 3222 1177 3287 alumnos?

329 3304 425 3379 Quid?
443 3317 610 3386 reputemus
626 3311 719 3372 enim:
738 3311 794 3372 duo
809 3319 892 3387 sunt,
907 3309 1010 3390 quibus
1028 3309 1131 3370 extulit
1144 3309 1249 3386 ingens
1280 3319 1317 3371 to

329 3388 421 3450 Roma
438 3400 541 3470 caput:
558 3393 649 3453 virtus
664 3394 735 3455 belli
751 3403 781 3455 et
794 3395 936 3473 sapientia
947 3392 1042 3472 ‘pacis¹

329 3472 389 3534 Sed
403 3475 510 3552 virtus,
526 3477 632 3554 agitata
647 3478 724 3538 domi
740 3486 769 3538 et
784 3477 942 3539 socialibus
957 3476 1060 3553 armis,

328 3556 362 3618 In
375 3557 451 3620 freta
467 3560 600 3621 Sicaniae
618 3569 648 3620 et
665 3558 847 3639 Carthaginis
862 3561 932 3620 exiit
946 3576 1032 3619 arces

330 3639 497 3721 Ceteraqne
513 3645 634 3723 imperia
650 3655 679 3706 et
694 3653 784 3705 totum
799 3644 883 3706 simui
898 3640 1016 3703 abstulit
1032 3641 1153 3713 orbem

329 3724 459 3802 Deinde,
474 3728 557 3788 uelut
571 3728 665 3788 stadio
681 3730 776 3790 victor
791 3729 841 3808 qui
859 3725 940 3788 solus
954 3725 1076 3790 Achaeo
1278 3735 1314 3791 25

329 3805 460 3888 Languet
475 3818 505 3871 et
518 3812 634 3872 immma
649 3829 749 3874 secum
764 3813 870 3874 viante
885 3809 1009 3892 iadscit,
