3267 4409
327 493 418 559 uri.
577 549 579 553 .
656 490 701 555 Μ.
717 488 809 554 vua.
826 469 1051 553 munimus
1094 435 1096 438 ’

810 642 887 704 LIX.

413 760 447 822 lu
461 759 564 839 Septis
578 759 735 819 Mamurra
750 757 802 819 diu
817 757 1007 836 multumque
1022 761 1164 837 vagatus,

454 844 514 919 Hic
529 843 582 903 ubi
596 843 693 902 Roma
707 862 776 903 suas
791 846 883 902 a'urea
896 834 986 902 r'exat
1000 858 1091 921 opes,

412 928 549 1008 Inspexit
562 926 672 987 molles
686 946 800 1007 pueros
816 924 975 1004 oculisque
991 923 1142 995 comedit3

455 1012 524 1072 Nou
537 1013 610 1090 hos,
630 1030 705 1090 quos
720 1013 837 1091 primae
852 1011 1042 1090 prostituere
1057 1028 1161 1086 casae,

300 1169 306 1175 ¹
390 1094 477 1158 5Sed
492 1115 568 1175 quos
584 1113 712 1154 arcanae
727 1099 851 1154 servant
865 1093 1000 1154 tabulata
1015 1100 1148 1154 catastae

456 1181 497 1240 Et
513 1200 588 1259 quos
603 1198 664 1239 nou
678 1178 826 1259 populus,
847 1197 905 1238 uec
919 1196 987 1238 mea
1004 1180 1094 1239 turha
1107 1176 1192 1238 ridet

415 1264 490 1325 Inde
506 1271 590 1324 satur
603 1282 724 1323 mensas
738 1270 771 1323 et
786 1269 913 1343 opertos
929 1264 1013 1323 exuit
1028 1264 1119 1322 orbes

456 1350 696 1429 Expositumque
714 1347 777 1407 alte
791 1350 904 1428 pingue
920 1348 1062 1427 poposcit
1078 1349 1172 1423 ebur,

414 1433 456 1491 ut
470 1431 676 1492 testudineum
694 1452 817 1497 mensus
833 1436 941 1510 quater
955 1428 1140 1490 hexaclinon

374 1517 1030 1594 mmmmmmmm

415 1599 575 1660 Consuluit
591 1615 698 1679 nares,
721 1620 758 1659 an
773 1600 897 1661 olerent
912 1618 984 1658 aero
998 1598 1172 1659 Corinthon

456 1683 599 1764 Culpavit
613 1691 727 1744 statuas
744 1689 792 1760 et,
809 1683 979 1762 Polyclito,
1001 1689 1068 1742 tuas

413 1769 455 1828 Et
469 1770 591 1828 turbata
606 1769 693 1828 brevi
711 1774 837 1847 questus
852 1766 1030 1846 crystallina
1043 1768 1127 1827 vitro·

457 1853 596 1912 Murrina
611 1853 741 1930 signavit
754 1853 953 1932 seposuitque
969 1850 1085 1912 decem.

374 1934 705 2015 lollxpcnditreteres
724 1933 861 1996 calathos
876 1943 909 1996 et
923 1936 949 1994 si
965 1955 1023 2014 qua
1038 1936 1165 1996 fuerunt

456 2017 571 2080 Pocula
585 2021 749 2080 Mentorea
762 2021 926 2080 nobilitata
941 2040 1046 2096 manu,

413 2106 455 2165 Et
466 2103 582 2165 virides
596 2107 680 2185 picto
696 2124 830 2184 gemmas
845 2105 1016 2164 numeravit
1031 2105 1062 2163 iu
1078 2124 1169 2180 auro,

456 2188 612 2269 Quidquid
628 2194 660 2249 et
674 2210 691 2248 a
704 2192 793 2258 nivea
807 2189 952 2268 grandius
968 2207 1041 2248 anre
1056 2195 1153 2249 sonat.

414 2273 627 2353 Sardonychas
642 2292 732 2334 ueros
748 2293 853 2333 mensa
869 2274 1019 2352 quaesivit
1035 2273 1068 2333 in
1083 2273 1165 2333 omni

371 2366 406 2417 20
453 2358 495 2417 Et
508 2359 642 2437 pretium
657 2360 773 2436 magnis
787 2359 865 2418 iecit
877 2355 1055 2438 iaspidibus.

413 2439 581 2502 Undecima
594 2439 693 2501 lassus
708 2462 775 2500 cum
789 2443 850 2502 iam
865 2439 1042 2501 discederet
1055 2442 1150 2518 hora,

354 2538 358 2545 ·
454 2524 533 2585 Asse
550 2524 625 2585 duos
641 2524 754 2586 calices
769 2527 844 2585 emit
859 2529 892 2584 et
904 2526 972 2607 ipse
986 2523 1069 2587 tulit.

813 2658 878 2722 LK

413 2757 476 2816 Seu
493 2763 527 2816 tn
539 2756 698 2817 Paestanis
713 2757 817 2835 genita
832 2776 865 2817 es
885 2776 940 2817 seu
955 2757 1082 2817 Tiburis
1098 2758 1194 2834 arvis,

401 2865 403 2869 ·
455 2840 517 2902 Seu
531 2843 636 2902 rubuit
650 2841 743 2901 tellus
761 2841 896 2902 'l'uscula
910 2844 989 2902 flore
1003 2848 1057 2902 tuo
1068 2842 1082 2917 ς’

413 2926 475 2985 Seu
488 2925 691 2986 Praenestino
706 2932 738 2985 te
752 2924 843 2986 vilica
857 2924 936 3005 legit
950 2927 983 2986 in
997 2927 1105 3004 horto,

455 3009 517 3070 Seu
533 3008 623 3070 modo
640 3010 785 3090 Campani
801 3011 899 3089 gloria
914 3012 996 3071 ruris
1010 3029 1094 3072 eras:

390 3093 579 3156 5Pulchrior
592 3103 626 3154 nt
639 3101 745 3154 nostro
760 3094 886 3157 videare
903 3115 1015 3158 corona
1030 3094 1159 3170 Sabino,

454 3179 500 3238 De
515 3181 706 3240 Nomentano
719 3185 752 3239 te
766 3185 857 3260 putet
873 3198 941 3240 esse
956 3198 1033 3239 meo.

809 3313 887 3378 LXI.

411 3412 443 3471 ln
462 3411 666 3472 Tartessiacis
681 3411 787 3472 domus
801 3418 850 3471 est
863 3411 1021 3470 notissima
1035 3412 1147 3488 terris,

457 3496 523 3572 Qua
538 3495 624 3556 dives
637 3495 792 3576 placidum
807 3493 951 3556 Corduba
964 3495 1073 3554 Baetin
1090 3500 1169 3554 amat
1268 3517 1273 3523 ·

329 3646 331 3650 ,
411 3579 538 3641 Vellera
552 3581 653 3652 natiso
668 3578 790 3660 pallent
802 3580 856 3639 ubi
870 3579 947 3638 flava
960 3577 1084 3639 metallo

451 3665 493 3724 Et
505 3661 577 3724 linit
592 3665 778 3744 Hesperium
790 3665 917 3725 bractea
931 3663 1000 3724 vira
1014 3681 1126 3744 pecus3

385 3746 728 3841 odedihuaiuruedijh,
791 3754 832 3763 ''
928 3753 1125 3847 ¹..peimtcs
1239 3790 1242 3795 -
