3267 4409
644 428 689 513 Μ.
706 427 798 493 vm.
813 429 1042 524 minumus

452 581 493 641 Et
508 599 600 660 supro
613 588 714 643 vatem
730 580 827 642 multu
842 582 993 664 pependit
1008 585 1088 662 uvis,

410 665 479 745 Ipse
494 664 551 724 sed
564 666 685 743 ingrato
700 666 794 726 iacuit
805 666 960 727 laceratus
975 669 1012 727 ab
1027 687 1109 729 urso.

452 750 538 808 Haeo
550 755 669 828 tumen,
690 751 768 810 haec
781 769 834 811 res
850 757 898 811 est
913 753 994 811 factu
1007 751 1068 830 ita,
1090 750 1162 812 ficto
1174 754 1272 833 prior.

774 857 863 965 ixi,
887 888 916 946 s.

340 1008 342 1012 '
358 978 361 983 ¹
412 997 536 1077 Orpheo
551 995 633 1076 quod
647 999 748 1058 rubIto
762 996 857 1059 tellus
872 1000 975 1058 emisit
985 1000 1087 1079 hiatu,
1174 978 1178 982 ’

452 1083 572 1144 Versa·
581 1081 862 1143 miramur‘I-venit
875 1085 912 1143 cb
927 1083 1092 1163 Eurydice.

798 1196 893 1256 XXII.

410 1291 584 1352 Sollicitunt
598 1293 701 1372 pavidi
716 1292 788 1352 dum
801 1294 1001 1354 rhinocerota
1014 1295 1152 1374 magistri

452 1377 555 1455 Seque
570 1375 624 1437 diu
636 1396 763 1456 magnae
780 1377 899 1456 colligit
913 1379 960 1437 iro
973 1379 1080 1457 ferae,

408 1460 660 1540 Desperobuntur
674 1462 818 1543 promissi
830 1462 949 1541 praelio
963 1462 1092 1532 Martin

451 1543 514 1604 Sed
529 1542 654 1604 tandem
669 1544 765 1605 rediit
780 1548 920 1624 cognitus
936 1553 1007 1605 ante
1022 1547 1120 1607 furor.

380 1627 540 1707 5Numque
552 1648 674 1706 gravem
687 1649 784 1703 cornu
795 1631 916 1707 gemino
930 1631 975 1689 sic
987 1629 1098 1690 extulit
1110 1650 1232 1711 ursum,

450 1713 545 1773 Iactat
560 1719 594 1773 ut
606 1714 765 1792 impositas
780 1719 885 1785 taurus
900 1714 933 1773 in
943 1720 1031 1773 us'tra
1045 1712 1134 1795 pilus.

711 1872 713 1876 ·
789 1842 896 1906 XXIII.

407 1938 435 1997 N
437 1939 520 1998 orico
532 1941 592 2001 iam
607 1948 693 2001 certo
710 1940 862 2002 venabula
876 1940 982 2020 dirIgit
996 1943 1061 2000 ictu
1114 2018 1117 2022 A

448 2022 554 2092 Fortis
569 2025 668 2084 adhuc
683 2028 786 2087 teucri
803 2025 931 2086 dextera
946 2025 1156 2105 Carpophori:

327 2124 332 2130 ·
375 2104 465 2166 -Ille
481 2107 554 2168 tuIit
568 2111 705 2188 geminos
720 2110 942 2171 focilicerrice
954 2111 1117 2186 iuvencos,
1150 2178 1153 2183 ⁴
1272 2133 1276 2139 ·

448 2190 499 2252 Illi
514 2195 607 2252 cessit
624 2199 711 2255 atrox
727 2194 855 2254 bubulus
870 2201 962 2272 utque
977 2194 1076 2252 hison.

279 2330 283 2348 2
384 2274 497 2334 5Huno
511 2274 562 2337 leo
580 2297 648 2337 cum
663 2278 805 2356 fugeret,
826 2296 976 2358 praeceps
991 2278 1023 2336 in
1037 2275 1099 2337 tola
1115 2278 1268 2336 cucurrIt:

366 2390 369 2396 ,
448 2359 461 2417 I
478 2378 560 2420 nunc
576 2367 610 2420 et
622 2359 724 2422 lentus
739 2363 881 2441 corripe,
902 2364 1008 2439 turba,
1027 2379 1146 2438 morus.»

784 2495 896 2558 XXIV.

406 2606 438 2664 Si
456 2609 524 2684 quis
539 2604 612 2666 odes
627 2604 728 2686 longis
743 2627 832 2668 serus
845 2614 1002 2688 spectator
1014 2610 1051 2668 ab
1067 2609 1146 2686 oris,

448 2691 506 2751 Cui
519 2688 573 2750 lun
585 2693 684 2771 prima
699 2694 779 2751 sacri
797 2693 932 2751 muneris
946 2693 1006 2751 iste
1019 2693 1095 2771 fuit,

405 2773 451 2836 Ne
466 2781 499 2836 te
518 2775 653 2856 decipiet
665 2777 783 2835 ratibus
795 2774 911 2835 navalis
926 2777 1014 2854 Enyo

437 2861 488 2924 Et
498 2880 555 2940 per
567 2859 649 2919 undo
661 2860 767 2938 fretis,
788 2861 840 2918 hic
857 2857 947 2919 modo
962 2866 1048 2919 terro
1060 2858 1130 2920 fuit.

322 2950 324 2955 '
381 2944 473 3004 5Non
486 2942 611 3004 credis?
632 2950 754 3024 spectu,
776 2943 848 3003 dum
862 2943 978 3010 lassant
992 2961 1125 3021 aequora
1140 2941 1284 3003 Mortem.

396 3106 398 3110 7
445 3029 542 3088 Parva
558 3035 718 3088 moreest:
740 3027 826 3088 dices
839 3028 921 3107 „Hic
933 3026 1024 3088 modo
1038 3033 1152 3108 pontus
1166 3027 1268 3090 erot.“

792 3163 888 3226 XXV.

404 3273 493 3349 Quod
507 3280 657 3336 nocturno
671 3278 745 3352 tibi,
766 3274 926 3352 Leandro,
945 3273 1125 3353 pepercerit
1139 3270 1220 3332 undo

444 3359 559 3420 Desine
571 3362 692 3421 mirari:
714 3361 855 3420 Caesaris
869 3358 951 3418 undu
965 3358 1032 3419 fuit.

700 3476 703 3481 ’
757 3494 860 3571 xxv,
882 3496 911 3554 h.

404 3604 481 3664 Cum
495 3612 620 3684 peteret
637 3604 857 3667 dulcesoudux
870 3606 1029 3668 Leandros
1045 3626 1165 3668 amores

443 3689 485 3750 nt
498 3690 598 3752 fessus
612 3691 737 3752 tumidis
752 3693 813 3752 ium
826 3698 1023 3775 premeretur
1037 3693 1140 3772 cquis,
