3267 4409
322 506 327 516 .
439 498 443 507 .
563 408 989 515 uriemosmnrouun.
1005 454 1027 513 1.
1084 411 1097 456 ²
1273 454 1312 516 21

355 603 428 664 Non
442 620 521 681 quae
536 600 576 662 de
590 602 688 662 tardis
701 609 862 663 servantur
876 604 989 663 vitibus
1003 623 1079 664 uvae

398 686 548 747 Dulcibus
564 691 616 746 aut
630 692 753 747 certant
766 706 844 765 quoe
858 686 1015 747 melimela
1028 688 1121 765 fo'vis,

333 770 428 831 5Non
440 771 510 849 pira
526 789 604 849 quae
618 769 710 848 longa
722 770 862 850 pendent
876 769 1007 849 religata
1021 777 1148 850 genesta

398 854 464 915 Aut
477 855 595 914 imitata
609 855 720 914 breves
736 855 851 915 Punica
865 875 959 934 grona
973 875 1076 934 rosas,

354 939 483 999 Rustica
498 936 650 998 lactantes
664 957 722 998 nec
737 939 822 998 misit
836 940 959 998 Sassina
969 944 1069 998 metas

398 1022 465 1082 Nec
483 1020 522 1081 de
537 1022 661 1082 Picenis
675 1024 760 1081 venit
774 1023 853 1082 oliva
869 1023 969 1082 codis:

355 1103 463 1165 Nudus
479 1125 569 1186 aper,
589 1104 646 1165 sed
660 1112 693 1166 et
706 1107 757 1165 hic
772 1107 913 1166 minimus
930 1105 1088 1186 qualisque
1103 1109 1209 1168 necari

316 1200 350 1252 lo
397 1189 427 1250 A
444 1208 508 1248 non
523 1195 638 1248 armato
652 1188 822 1269 pumilione
836 1198 957 1270 potest,

356 1275 398 1334 Et
411 1273 492 1333 nihil
504 1271 578 1333 inde
593 1272 697 1333 datum
712 1280 778 1348 est3
792 1280 911 1334 tantum
925 1277 1127 1355 spectavimus
1143 1294 1258 1338 omnes.

398 1358 524 1417 Ponere
538 1377 645 1436 aprum
658 1358 747 1417 nobis
762 1359 806 1417 sic
823 1365 855 1417 et
870 1360 985 1418 harena
999 1358 1090 1424 solet.

357 1441 495 1501 Ponatur
510 1442 568 1502 tibi
582 1440 683 1500 nullus
698 1460 772 1520 aper
786 1449 858 1521 post
872 1442 945 1502 talia
963 1444 1061 1523 faeta,

400 1523 464 1585 Sed
478 1530 512 1584 tu
526 1526 651 1604 ponaris
666 1525 933 1590 cuicharidemus
949 1514 1046 1607 apros

737 1659 844 1722 XLIV.

361 1769 506 1829 Lascivos
520 1767 663 1851 leporum
678 1790 784 1830 cursus
795 1769 944 1850 lususque
957 1769 1083 1834 leonum

402 1852 492 1928 Quod
508 1855 605 1913 maior
618 1855 707 1913 nobis
723 1856 829 1915 charta
843 1857 1004 1935 minorque
1019 1859 1102 1936 gerit

360 1936 400 1996 iit
414 1936 462 1995 bis
476 1937 560 1998 idem
573 1938 719 2016 facimus,
737 1939 863 2000 niinium
878 1942 920 2019 si,
943 1939 1057 2020 Stella,
1079 1940 1202 2001 videtur

401 2021 469 2079 Hoc
484 2023 559 2102 tibi,
579 2021 627 2083 bis
641 2020 780 2102 leporem
793 2030 829 2084 tu
847 2042 969 2104 quoque
982 2044 1064 2105 pone
1078 2026 1163 2085 mihi.

746 2156 841 2220 XLV.

361 2267 450 2329 nolu
463 2286 504 2328 ne
517 2267 663 2328 brevibus
677 2248 787 2345 pereat
800 2269 876 2328 mni
891 2287 964 2328 cura
977 2263 1110 2344 libeliis,

401 2352 528 2413 Dicatur
541 2352 646 2432 potius
666 2341 736 2411 Τὸν
752 2341 783 2411 d’
799 2341 1097 2467 dnapeqldpcevoc.‘
1217 2372 1224 2380 ··

737 2500 845 2564 XLVI.

364 2611 435 2670 Cum
450 2610 529 2671 dicis
542 2612 722 2692 „Propero,
741 2613 790 2674 foc
804 2615 831 2674 si
845 2616 954 2692 facis,“
973 2611 1104 2694 Hedyli,
1123 2609 1250 2692 languet

400 2696 546 2755 Protinus
563 2702 596 2754 et
610 2704 711 2757 cessat
729 2696 890 2759 debilitata
904 2700 1018 2762 Venus.

363 2778 532 2858 Expectare
549 2780 636 2840 iube:
656 2780 791 2841 velocius
806 2783 858 2841 ibo
872 2783 1031 2844 retentus:

399 2861 532 2942 Hedyli,
554 2864 582 2922 si
594 2881 761 2945 properas,
779 2864 829 2925 dic
844 2867 935 2946 mihi,
957 2886 997 2927 ne
1011 2883 1185 2947 properem.

733 2996 853 3061 XLVII.

363 3107 465 3188 Nuper
480 3115 549 3168 erat
563 3108 716 3187 medicus,
738 3129 819 3170 nunc
834 3117 882 3171 est
895 3110 1018 3191 vispillo
1033 3109 1176 3171 Diaulus:

400 3191 491 3268 Quod
504 3192 626 3274 vispillo
645 3194 736 3285 lacit,
756 3194 877 3254 fecerat
894 3203 927 3256 et
940 3194 1086 3255 medicus.

731 3327 864 3390 XLVlll.

362 3435 498 3497 Rictibus
512 3438 562 3496 his
576 3444 681 3497 tauros
694 3456 756 3497 non
771 3439 916 3517 eripuere
930 3438 1085 3516 magistri,

398 3522 461 3581 Per
477 3541 553 3599 quos
567 3520 684 3600 praeda⁸
697 3521 888 3600 fugauitque
902 3519 1047 3600 reditque
1060 3520 1167 3604 lepus3

362 3605 509 3684 Quodque
527 3605 623 3682 magis
637 3606 763 3681 mirum,
785 3603 924 3664 velocior
939 3606 1003 3665 exit
1017 3607 1054 3667 ab
1068 3607 1159 3668 hoste

398 3689 463 3749 Nec
477 3687 557 3748 nihil
573 3708 589 3747 a
603 3693 688 3749 tanta
701 3687 865 3749 nobilitate
880 3689 990 3752 refert.
