3267 4409
545 461 887 550 noronnnnnnon
901 463 974 525 nn.
990 463 1039 525 111.
1268 463 1310 527 oo

735 669 844 730 XLIV.
965 618 976 637 α

356 782 499 842 Occurrit
511 780 571 841 tibi
584 799 675 844 nemo
691 778 773 859 quod
786 776 942 856 libenter,

355 864 456 943 Quod,
480 883 663 944 quacunque
676 867 779 941 venis,
802 865 874 942 fuga
891 873 939 923 est
953 870 986 923 et
1000 864 1109 944 ingens
1140 917 1144 937 ι

354 950 442 1010 Circa
455 956 507 1027 te,
528 949 697 1027 Ligurine,
719 947 872 1025 solitudo,

354 1033 431 1109 Quid
446 1034 505 1110 ait,-
527 1034 608 1092 scire
624 1033 732 1112 cupis?
761 1033 857 1091 Nimis
870 1038 964 1111 poeta
978 1051 1021 1094 es.

335 1118 422 1178 tlloo
432 1115 523 1177 valde
536 1118 644 1176 vitium
656 1116 865 1196 periculosum
878 1123 935 1178 est.

353 1201 417 1261 Non
432 1201 524 1278 tigris
539 1199 648 1260 catulis
664 1201 757 1269 citata
771 1201 886 1280 raptis,

353 1285 418 1344 Non
438 1285 543 1364 dipsas
558 1283 660 1344 medio
675 1289 802 1364 perusta
817 1282 901 1361 sole,

353 1369 415 1428 Nec
432 1369 479 1428 sic
494 1371 634 1449 scorpios
648 1369 806 1448 improbus
823 1369 960 1430 timetur.
1099 1447 1102 1451 ἡ

354 1452 427 1512 Nam
441 1457 564 1529 tantos,
587 1472 679 1531 rogo,
702 1454 770 1531 quis
786 1452 869 1511 ierat
885 1452 1031 1512 labores?

323 1537 503 1598 iollt'stanti
523 1533 604 1615 legis
620 1543 652 1596 et
665 1536 744 1614 legis
759 1535 899 1614 sedenti,
1020 1558 1033 1566 ··
1095 1534 1098 1541 '

354 1620 498 1681 currenti
511 1618 591 1698 legia
606 1627 639 1681 et
651 1619 730 1699 legis
745 1621 872 1681 cacanti.

353 1704 383 1764 ln
396 1705 536 1764 thermas
549 1705 650 1783 fugio:
672 1723 762 1764 sonas
778 1703 816 1763 ad
831 1722 945 1766 aurem.

353 1788 503 1848 Piscinam
516 1794 607 1869 peto:
630 1789 780 1848 nonlicet
795 1794 914 1848 natare.

355 1871 400 1932 Ad
413 1890 521 1932 cenam
537 1891 688 1973 propero:
707 1878 797 1932 tenes
813 1879 946 1932 euntem.

326 1954 399 2016 laid
413 1975 522 2016 cenam
538 1975 643 2016 venio:
664 1957 752 2035 fugas
767 1956 939 2017 sedentem.

356 2040 462 2100 Lassus
479 2039 614 2100 dormio:
636 2043 766 2100 suscitas
780 2043 941 2101 iacentem,

356 2125 422 2202 Vis,
446 2131 593 2204 quantum
609 2126 704 2185 facias
719 2124 806 2203 mali,
827 2123 960 2185 videre?

357 2208 408 2269 vir
422 2209 539 2288 iustuS,
559 2211 691 2289 probus,
712 2211 861 2270 innocens
876 2207 1005 2269 timeris,

746 2349 839 2411 XLV.

358 2461 481 2541 Fugerit
497 2480 535 2522 an
549 2460 694 2521 Phoebus
709 2481 829 2521 mensas
846 2481 1013 2541 cenamque
1029 2461 1186 2540 Thyestae

394 2547 520 2625 lgnoro:
541 2546 673 2623 fugimus
687 2563 761 2624 nos,
783 2546 948 2623 Ligurine,
971 2553 1061 2607 tuam.

358 2627 407 2689 illa
421 2629 547 2709 quidem
562 2630 644 2689 lauta
659 2634 709 2689 est
727 2629 918 2709 dapibusque
933 2633 1084 2691 instructa
1099 2629 1256 2711 superbis,

345 2729 349 2735 ·
395 2713 457 2774 Sed
472 2712 688 2774 nihilomnino
705 2719 737 2773 te
753 2715 906 2774 recitante
923 2713 1036 2794 placet.

343 2795 432 2857 bNolo
448 2799 524 2858 mihi
539 2817 636 2876 ponas
651 2799 798 2857 rhombos
813 2797 977 2863 mullumve
993 2796 1152 2875 bilibrem,

371 2898 377 2908 ·
395 2882 458 2942 Nec
471 2881 540 2942 volo
557 2880 696 2959 boletos,
718 2887 822 2942 ostrea
839 2882 927 2947 nolo:
948 2890 1026 2945 tace.
1065 2935 1070 2939 .

735 3017 843 3080 XLVI.

360 3124 459 3204 Exigis
475 3126 596 3185 anobis
612 3145 738 3205 operam
753 3127 820 3186 sinc
840 3128 903 3186 iine
918 3132 1062 3205 togatam.
1101 3148 1104 3153 ·

395 3210 464 3270 Non
478 3228 534 3286 eo,
555 3209 702 3271 libertum
718 3210 776 3270 sed
789 3212 847 3270 tibi
862 3213 950 3271 mitto
965 3214 1075 3271 meum.

358 3293 442 3370 „Non
461 3294 532 3354 est“
546 3295 651 3372 inquis
665 3293 802 3374 „idem.“
830 3295 931 3355 Multo
947 3293 1016 3373 plns
1031 3311 1101 3353 esse
1114 3293 1268 3373 probabo:

395 3379 526 3457 Vix-ego
540 3376 686 3439 lecticam
704 3380 890 3458 subsequar,
914 3378 970 3442 ille
984 3379 1077 3439 ieret.

343 3461 389 3521 bin
405 3465 526 3522 turbam
540 3461 706 3541 incideris,
728 3481 843 3523 cuneos
858 3465 990 3522 umbone
1004 3458 1158 3542 repellet;

395 3545 563 3607 Invalidum
578 3553 627 3606 est
640 3548 729 3607 nobis
743 3549 969 3626 ingenuumque
983 3545 1074 3608 latus.

360 3629 517 3707 Quidlibet
530 3631 563 3689 in
578 3649 668 3691 causa
681 3633 874 3709 narraveris,
894 3633 962 3710 ipse
977 3631 1103 3691 tacebo:

396 3715 437 3776 At
450 3715 511 3777 tibi
525 3716 731 3795 tergeminum
744 3716 861 3794 mugiet
874 3713 929 3775 ille
947 3714 1070 3795 sophos.
