3267 4409
683 457 895 512 PRAEFATIO.
1240 462 1280 510 tx

303 625 365 682 agn,
382 614 451 664 utne
465 604 598 661 Iuvenalem
614 604 723 677 quidem,
743 605 912 661 heataereuae
923 605 1115 674 adolescentem,
1132 605 1279 664 acommuni

302 693 497 750 doctissimorum
518 697 542 744 et
562 691 765 745 severissimorum
783 691 846 746 illius
863 691 947 745 aetatis
962 691 1086 745 hominum
1103 691 1141 745 rel
1156 705 1224 746 more
1240 691 1279 747 vel

303 776 474 833 exercitatione
488 775 603 840 eximam,
621 791 681 844 quos
697 775 813 829 ludicram
832 776 914 845 poesin
931 775 1020 843 passim
1030 780 1146 828 tractasse
1162 780 1187 828 et
1200 791 1244 830 suo
1255 781 1280 831 et

302 862 406 917 aliorum
422 859 531 928 exemplo
548 858 637 913 Plinius
648 857 723 928 llpist.
735 858 773 912 lV.
792 862 824 914 14
839 865 864 913 et
873 859 923 913 vlt.
937 861 955 913 4
972 864 1080 913 testatur.
1114 857 1180 912 Idem
1198 864 1279 915 umen

301 960 335 1002 ne
357 942 558 1015 quemadmodum
579 941 691 996 llartialis
710 943 734 996 in
758 941 830 997 huius
850 942 945 1014 generis
966 942 1063 996 leuitate
1088 948 1277 1009 consenesceret,

301 1029 347 1084 scd
358 1034 413 1098 post
429 1027 531 1081 mediam
543 1033 607 1080 certe
619 1033 720 1080 aetatem
737 1026 833 1080 altiores
843 1026 940 1095 spiritus
952 1014 1097 1095 capesseret,
1115 1032 1210 1094 praeter
1226 1026 1279 1081 uni·

301 1127 396 1167 uersam
407 1111 521 1180 temporis
534 1110 695 1174 atrocitatem,
717 1125 788 1181 quam
806 1111 965 1164 communiter
976 1124 1031 1163 cum
1042 1110 1124 1164 multis
1134 1110 1216 1173 sensit,
1228 1111 1279 1180 ipsa

301 1196 344 1251 illa
355 1195 481 1265 peculiaris
498 1194 593 1248 lortuna
604 1193 697 1256 effecit,
714 1207 775 1265 qaae
790 1199 884 1248 tautum
901 1192 978 1247 abluit
993 1199 1035 1260 ut,
1053 1193 1117 1264 quod
1129 1192 1279 1249 [tomitianus

301 1280 394 1342 uoluit,
406 1278 524 1332 mordacis
537 1278 627 1347 ingenii
640 1279 735 1332 aculeos
744 1276 883 1343 hebetaret,
896 1284 924 1331 ut
934 1277 1031 1353 eosdem
1042 1292 1056 1331 a
1066 1277 1165 1331 lortuito
1175 1277 1278 1333 ludibrio

303 1363 334 1418 ad
344 1364 429 1417 seriam
441 1362 630 1432 indignationem
640 1361 784 1425 transferret,
800 1375 921 1432 quumque
931 1360 1058 1430 prohibere
1068 1376 1116 1415 non
1129 1367 1218 1431 posset,
1231 1377 1279 1432 quo

301 1447 383 1502 minus
396 1460 431 1509 ea,
443 1461 504 1516 quae
516 1446 538 1498 in
550 1444 610 1499 urbe
620 1450 768 1515 gererentur,
780 1459 824 1515 per
833 1444 914 1499 literas
925 1446 1056 1499 multorum
1067 1452 1092 1499 et
1099 1446 1200 1501 nuncios
1212 1461 1278 1500 com·

300 1530 398 1602 periret,
410 1529 563 1583 nihilominus
574 1529 603 1582 ab
615 1529 732 1583 illecebris
743 1543 771 1583 ac
781 1528 886 1583 tumultu
896 1527 961 1583 urbis
971 1534 1064 1584 remoto
1076 1530 1151 1583 otium
1161 1530 1278 1600 praebuit,

301 1614 373 1670 ouius
393 1612 508 1667 beuellcio
520 1612 544 1665 in
560 1627 587 1666 se
604 1613 759 1667 descenderet
769 1613 989 1684 adolescentiaeque
1005 1613 1050 1668 sub
1066 1612 1173 1677 Nerone,
1196 1613 1278 1681 Galba,

299 1698 446 1768 Vespasiano
465 1703 531 1751 actae
552 1696 720 1767 experimentis
740 1697 843 1751 recoctis
864 1696 965 1751 adeam
981 1712 1075 1751 mortim
1092 1696 1221 1769 iudiciique
1239 1712 1279 1752 se·

299 1782 427 1837 veritatem
442 1780 589 1850 perveniret,
612 1796 683 1851 quam
701 1781 791 1851 primae
806 1781 888 1835 statim
898 1782 985 1835 satiras
1001 1796 1058 1835 cum
1067 1781 1194 1850 splendore
1208 1789 1280 1853 atque

300 1853 413 1921 acuminis
434 1864 525 1936 ingenii
545 1865 646 1937 egregie
668 1866 820 1919 coniunctam
843 1865 980 1919 ostendunt.
1017 1864 1066 1919 llas
1084 1865 1148 1918 enim
1167 1865 1279 1920 reducem

300 1950 401 2006 demum
418 1948 447 2003 ab
465 1948 536 2002 exilio
547 1949 630 2018 primis
647 1949 685 2003 uel
695 1934 787 2002 Nervae
797 1948 836 2003 rel
846 1949 938 2003 Traiani
954 1949 1021 2003 annis
1030 1948 1153 2017 scripsisse
1162 1953 1186 2003 et
1196 1948 1280 2003 llomi·

299 2034 361 2088 tiani
376 2048 452 2100 mors,
472 2047 543 2103 quam
560 2031 610 2087 Sat.
624 2033 725 2087 lVeutr.
742 2038 873 2098 memorat,
891 2038 916 2086 et
934 2031 1009 2086 PrIsci
1024 2031 1092 2086 llarii
1111 2032 1221 2095 exilium,
1239 2031 1278 2103 qui

299 2116 379 2172 Plinio
390 2124 528 2171 accusatore
539 2131 561 2169 a.
576 2121 627 2173 100
638 2131 663 2185 p.
675 2116 731 2170 Chr.
744 2116 916 2171 condemnatus
926 2122 971 2179 est,
987 2115 1117 2170 clarissime
1127 2115 1226 2185 prohat:
1238 2130 1278 2171 ea·

299 2201 403 2257 rundem
423 2207 503 2255 tamen
525 2200 648 2254 materiam
668 2200 719 2254 lere
740 2206 858 2254 maturam
880 2198 910 2253 ab
927 2199 968 2253 illo
985 2200 1084 2254 domum
1105 2199 1204 2254 relatam
1226 2214 1279 2255 esse

298 2284 340 2340 rel
357 2284 413 2339 inde
427 2285 540 2356 colligas,
559 2283 622 2354 quod
634 2283 685 2353 ipse
695 2283 768 2338 Satl
786 2290 847 2338 eutr.
859 2298 887 2337 se
901 2297 985 2337 eorum
1000 2283 1152 2353 potissimum
1164 2284 1279 2354 exemplis

299 2384 402 2424 usnmm
413 2383 465 2422 esse
474 2366 611 2438 profitetur,
623 2382 725 2438 quorum
736 2368 798 2423 ciuis
807 2367 929 2423 Hermaia
946 2366 1071 2422 etLott'nc
1082 2373 1188 2440 tegetes,
1200 2369 1279 2423 scitis·

300 2454 410 2523 simeque
420 2452 554 2523 lladuigius
565 2449 654 2521 Opusc.
674 2453 739 2509 acad.
758 2452 825 2507 alter.
837 2468 861 2522 p.
874 2455 925 2508 185
942 2452 975 2506 ita
992 2453 1133 2523 plerumque
1143 2452 1279 2507 iuvenalem

299 2537 326 2593 in
345 2537 403 2590 vitia
420 2536 499 2590 invehi
521 2535 697 2599 animadvertit,
717 2541 743 2591 ut
764 2554 794 2591 eo
810 2536 895 2610 quidm
911 2536 963 2608 ipse
978 2536 1113 2592 resteterit
1128 2543 1232 2609 temporo
1248 2535 1279 2592 ab

299 2619 476 2693 supendere,
496 2636 527 2674 ec
542 2618 626 2692 potin
639 2620 748 2675 oitmnon
763 2622 871 2693 meopte
886 2628 976 2685 mmet,
997 2638 1047 2676 ooo
1057 2622 1182 2693 diligenter
1191 2622 1279 2677 distin·

297 2711 360 2778 quot
377 2720 407 2758 oc
422 2721 493 2776 saepe
508 2720 535 2758 se
550 2703 578 2757 in
592 2704 650 2758 laec
661 2706 793 2777 doasserot
802 2705 921 2760 scribendi
933 2705 1026 2777 figura,
1044 2706 1157 2778 postam
1165 2706 1279 2761 colomeo

297 2788 417 2861 foeditas,
436 2788 463 2843 in
472 2804 520 2842 ono
531 2788 635 2859 excipe
646 2789 763 2853 emeseno,
775 2790 809 2844 od
819 2806 907 2843 omnen
918 2790 985 2844 mont
995 2796 1094 2843 oetatem
1102 2791 1233 2860 pertineat:
1245 2789 1278 2845 ci

299 2874 375 2927 ctiam
386 2871 511 2926 Paldamus
526 2871 551 2925 in
563 2871 665 2941 Ephem.
677 2872 772 2943 Antiqu.
783 2873 848 2931 stud.
862 2876 942 2936 1843,
954 2888 977 2943 p.
992 2876 1073 2935 1031:
1090 2888 1151 2943 quae
1161 2888 1235 2944 quum
1245 2874 1280 2928 ita

298 2958 363 3020 sint,
376 2955 478 3011 dubitari
489 2957 530 3010 uin
541 2970 614 3026 posse
629 2955 735 3022 ridetur,
753 2956 809 3027 quin
820 2957 910 3025 primos
925 2964 978 3010 tres
993 2957 1119 3010 satirarum
1136 2956 1209 3011 libros
1221 2972 1280 3027 pau-

299 3054 386 3096 corum
404 3056 521 3095 annorum
541 3040 631 3108 spatio,
649 3044 776 3109 postquam
796 3041 887 3109 patriae
902 3040 1010 3094 redditus
1032 3045 1083 3106 est,
1103 3040 1279 3109 conscripserit,

301 3139 415 3194 nouoque
430 3125 478 3180 hoc
488 3124 656 3178 recitationum
669 3138 758 3194 genero
775 3124 910 3194 aequalium
921 3124 1013 3178 animos
1023 3123 1169 3179 demulserit.
1197 3123 1280 3195 Neque

299 3209 411 3281 prolecto
420 3210 464 3264 alia
471 3215 537 3264 aetas
547 3207 604 3262 huic
615 3208 714 3279 negotio
726 3208 803 3277 aptior
813 3213 876 3275 erat,
889 3223 961 3280 quam
972 3207 1064 3262 Neruae
1074 3206 1215 3278 Traianique
1232 3209 1280 3278 pri·

297 3293 401 3357 mordis,
413 3294 499 3364 quribns
511 3293 621 3348 diutuma
636 3292 729 3346 silentia
740 3292 807 3363 quasi
818 3292 887 3347 obice
898 3290 993 3347 sublato
1003 3292 1081 3346 soluta
1092 3305 1145 3345 esse
1154 3292 1193 3346 vel
1204 3292 1280 3349 Taciti

298 3378 414 3450 Agricola
432 3378 503 3432 docet
519 3377 680 3447 paulatimque
700 3376 855 3431 redeuntibus
870 3376 997 3431 animisue
1011 3375 1162 3430 acerbissima
1183 3377 1279 3447 quidem

298 3462 413 3516 vitiorum
423 3461 576 3532 reprehensio
589 3460 714 3515 ollensioui
725 3466 790 3526 erat,
809 3461 864 3532 quia
881 3460 906 3514 in
915 3460 961 3514 lrac
970 3474 1065 3531 quoquc
1075 3474 1153 3514 raram
1163 3461 1279 3530 temporis

300 3546 442 3602 felicitatem
461 3559 594 3616 agnoscere
610 3545 656 3599 sihi
668 3544 821 3609 ridebantur,
839 3560 886 3615 qua
903 3543 1067 3614 sentirequod
1082 3543 1156 3598 velles
1167 3545 1279 3616 quodque

298 3630 402 3685 sentires
413 3630 492 3683 dicere
501 3628 598 3690 liceret;
609 3628 655 3682 hac
665 3628 740 3700 igitur
748 3633 905 3698 tempestate,
922 3642 997 3699 quum
1008 3627 1048 3682 alii
1061 3628 1139 3682 exitus
1151 3628 1279 3683 illustrium

298 3714 406 3769 uirorum
420 3712 493 3783 (Plin.
505 3710 581 3783 Epist.
593 3711 654 3767 vtll.
667 3716 708 3768 la.
720 3713 750 3780 4)
767 3712 842 3767 literis
851 3711 1004 3779 mandarent,
1016 3712 1056 3767 alii
1067 3726 1122 3767 cum
1133 3712 1218 3783 prioris
1228 3726 1279 3767 ser·

297 3796 383 3854 ritulis
393 3797 509 3853 memoria
523 3794 685 3869 praesmtiurn
701 3794 823 3854 bonorum
836 3794 1010 3853 mindunium
1016 3800 1201 3869 eompsoerent
1210 3794 1301 3860 ,uu-ne-
