3267 4409
362 476 409 551 ‘vr
764 498 971 548 enarrarre.

367 675 477 734 paucos
497 676 601 732 aanor,
618 657 699 718 unde
719 655 877 736 probabile
898 664 944 716 est
966 664 1100 715 nostrum
1118 658 1150 717 in
1172 658 1247 738 ipsis
1271 659 1353 720 vitae

372 739 540 821 primordiis
570 741 740 801 domesticis
767 740 987 800 calamitatibus
1015 741 1217 801 conflictatum
1244 744 1353 803 variis·

373 845 432 904 que
463 825 612 903 pueritiae
643 844 717 884 suae
746 824 914 882 rectoribus
940 843 1042 896 usum,
1071 844 1143 883 mox
1170 825 1353 898 destitutum,

373 909 455 986 prius
479 927 570 988 quam
590 909 644 968 clii
663 907 762 967 solent
784 905 824 965 ad
846 925 913 964 eam
934 907 1050 983 ingenii
1064 908 1268 968 maturitatem
1285 929 1353 988 per-

372 992 510 1064 venisse,
535 1012 626 1072 quam
647 993 680 1050 in
702 989 923 1049 adolescentuli
941 990 1040 1047 satiris
1061 1010 1122 1049 non
1139 992 1205 1050 sine
1224 991 1352 1051 admira·

371 1076 453 1133 tione
469 1073 733 1154 deprehendimus.
762 1075 872 1131 Studait
885 1077 1005 1130 Flaccus
1019 1091 1104 1146 aeque
1118 1077 1157 1145 ad
1170 1094 1273 1147 amaram
1288 1079 1352 1135 dao-

362 1162 504 1216 'elecr'mum
526 1163 623 1217 aetatis
644 1174 713 1216 suae
739 1160 904 1219 Volcarum
920 1159 1017 1214 uanae
1036 1158 1143 1214 Romae
1163 1162 1240 1231 apud
1259 1179 1354 1234 pram-

371 1246 499 1300 maticam
514 1243 667 1300 Remmiam
681 1243 889 1312 Palaemonem,
910 1258 1001 1318 quem
1015 1237 1140 1298 Sueten.
1157 1240 1207 1300 Ill.
1229 1261 1353 1319 gramm.

371 1321 412 1383 23
427 1325 647 1403 principemin
664 1342 720 1383 suc
735 1322 925 1402 professione
944 1322 1044 1381 locum
1063 1323 1197 1383 tenuisse
1210 1332 1352 1401 testatur3

372 1417 398 1466 et
411 1411 489 1482 apud
502 1411 638 1467 rhetorem
659 1410 815 1482 Verpimiam
831 1409 956 1477 Flauum,
973 1406 1062 1464 etiam
1078 1404 1266 1482 Quintiliano
1284 1429 1353 1488 pas·

372 1492 428 1550 sim
445 1500 707 1552 commemoratum
725 1509 875 1570 quemque
890 1488 1016 1547 Tacitus
1031 1489 1112 1551 Anu.
1128 1490 1200 1549 XV.
1216 1490 1266 1565 71,
1283 1492 1355 1573 quia

372 1572 472 1632 studia
482 1576 632 1652 juvenum
652 1574 828 1654 eloquentia
846 1572 987 1646 fovisset,
1004 1581 1127 1651 propter
1145 1573 1354 1634 claritudinem

371 1656 501 1716 nominis
519 1658 607 1717 simul
624 1678 691 1716 cum
706 1657 846 1716 Musonio
868 1675 886 1714 a
906 1655 1030 1715 Nerone
1051 1656 1126 1716 urbe
1148 1656 1269 1735 pulsum
1286 1678 1354 1718 esse

371 1739 474 1798 tradit.
502 1739 566 1800 Sed
583 1750 614 1799 et
633 1739 715 1799 illius
737 1739 862 1798 exilium
876 1748 945 1817 post
961 1747 1087 1798 mortem
1109 1738 1227 1799 demum
1255 1741 1354 1801 Persii

373 1823 498 1901 contigit
514 1831 544 1883 et
554 1826 586 1882 L.
601 1826 711 1882 Annaei
724 1825 843 1894 Cornuti,
860 1823 944 1899 cujus
960 1821 1019 1901 hic,
1036 1842 1118 1896 qaam
1133 1833 1203 1883 earet
1218 1844 1354 1884 annorum

371 1910 502 1980 sedeam,
516 1913 554 1965 ita
572 1911 690 1966 amicitia
703 1911 744 1966 ati
764 1910 864 1980 coepit,
885 1915 915 1963 at
936 1909 971 1963 at
993 1923 1024 1963 eo
1038 1923 1174 1981 amquam
1189 1911 1356 1973 abcederet,-

372 2010 457 2066 aqao
475 1990 561 2074 quodq
569 1991 652 2051 vitae
667 1990 795 2070 scriptor
810 2009 878 2049 eum
891 1992 1028 2047 inductum
1044 1992 1214 2064 aliquatenus
1224 1997 1253 2050 ia
1263 1994 1353 2066 philo-

371 2076 496 2148 sophiam
510 2092 569 2133 esre
585 2077 642 2148 ait,
659 2075 725 2153 ipse
739 2073 863 2133 Persius
878 2073 911 2131 in
930 2073 1056 2152 ,quintae
1078 2074 1190 2133 satirae
1204 2075 1354 2153 principio

374 2177 441 2216 oum
454 2165 539 2217 tanta
553 2158 675 2237 pietatis
699 2165 734 2217 et·
745 2156 825 2235 grati
844 2157 936 2214 animi
953 2156 1166 2216 testificatione
1189 2157 1353 2229 confirmat,

372 2249 406 2299 ut
428 2241 498 2300 huic
519 2242 598 2301 inter
621 2261 724 2301 omncs
746 2241 859 2320 poetici
880 2239 996 2299 ardoris
1017 2240 1204 2319 principatus
1228 2239 1353 2300 concedi

374 2323 494 2384 debeat.
524 2325 575 2384 De
599 2326 666 2404 ipso
683 2323 815 2383 Cornuto
837 2323 974 2403 pluribus
996 2321 1203 2383 disseruerunt
1229 2332 1259 2384 et
1280 2322 1353 2384 Ger.

373 2407 444 2466 Joa.
468 2406 506 2468 de
522 2408 649 2467 Martini
675 2408 708 2466 in
728 2406 819 2486 Spec.
834 2408 936 2484 inaug.
957 2406 1056 2483 Lugd.
1080 2404 1170 2466 1825.
1194 2404 1224 2466 8.
1247 2416 1277 2467 et
1301 2408 1354 2466 Fr.

375 2489 516 2549 Osannus
530 2492 563 2549 in
577 2490 680 2549 Praei.
695 2490 766 2550 libri
780 2488 819 2549 de
834 2499 942 2549 natura
957 2489 1082 2549 deorum
1096 2489 1134 2549 ab
1152 2492 1218 2570 ipso
1235 2489 1353 2551 Gottin-

373 2591 433 2650 gae
456 2571 536 2633 1844
558 2572 647 2632 editi:
674 2593 800 2652 quorum
823 2574 856 2630 in
882 2572 1134 2652 disputationibus
1157 2574 1215 2633 hoc
1239 2582 1353 2634 tantum

373 2656 480 2729 miror,
501 2654 583 2735 quod
603 2656 732 2716 hominis
753 2656 909 2734 Leptitani
931 2677 1037 2716 verum
1059 2677 1169 2717 nomen
1191 2655 1353 2717 Cornutum

374 2739 469 2799 fuisse
485 2738 622 2798 arbitrati
638 2748 707 2799 sunt
718 2740 982 2821 Phurnutumque,
1000 2761 1089 2821 quem
1098 2742 1212 2820 passim
1224 2739 1353 2800 etScho·

373 2823 417 2882 lia
436 2831 466 2882 et
482 2822 602 2883 codices
618 2823 781 2904 praebent,
800 2822 877 2883 adeo
894 2833 1088 2904 spreverunt,
1110 2833 1144 2884 ut
1162 2825 1241 2901 hano
1260 2825 1353 2884 nomi-

374 2907 421 2966 nis
443 2907 569 2966 formcm
584 2928 623 2966 ex
641 2907 706 2966 solo
725 2908 947 2986 pronunciandi
965 2908 1039 2968 vitio
1059 2908 1288 2967 librariorumve
1309 2924 1372 2966 er··

374 3009 443 3049 rore
456 2999 646 3070 repeterent3
664 2990 805 3070 equidem
819 2990 872 3050 ubi
886 2993 1075 3074 frequentem
1089 2991 1205 3059 vocalis
1221 3011 1242 3050 u
1255 2991 1288 3049 in
1303 3009 1355 3070 op-

374 3073 455 3152 pidis
472 3074 598 3133 Africae
613 3094 700 3133 usum
712 3082 830 3154 reputo,
845 3096 967 3155 prorsus
981 3074 1055 3132 mihi
1064 3073 1234 3152 persuadeo
1249 3074 1358 3133 Afrum

376 3157 493 3233 origine
509 3157 699 3217 Phurnutum
715 3160 816 3237 potius
832 3160 1017 3238 appellatum
1030 3176 1109 3230 esse,
1126 3155 1223 3215 donec
1235 3157 1267 3214 in
1283 3159 1356 3215 civi-

375 3248 468 3299 tatem
483 3241 651 3300 Romanam
664 3241 923 3321 Annaeorumque
945 3246 1065 3318 gentem
1085 3246 1226 3316 receptus
1245 3236 1356 3297 barba-

376 3342 440 3382 ram
459 3343 567 3385 vocem
584 3325 616 3383 in
630 3326 746 3385 latinae
761 3326 896 3404 speciem
914 3328 1106 3382 converteret
1124 3319 1231 3378 codem
1253 3339 1355 3378 exorn-

375 3407 444 3486 plo‚
468 3427 527 3487 quo
544 3409 712 3488 principem
735 3407 951 3487 Apostolorum
971 3403 1114 3463 Hebraeo
1133 3403 1255 3461 nomine
1278 3401 1355 3463 Sau-

375 3490 447 3563 lum,
463 3491 600 3551 Romano
615 3493 744 3551 Paulum
766 3491 860 3550 fuisse
881 3495 1006 3548 constat.
1043 3483 1131 3562 Quae
1148 3495 1248 3546 autem
1264 3488 1297 3546 in
1311 3489 1356 3568 ip·
1394 3532 1397 3537 .

376 3575 439 3633 sius
454 3584 576 3635 nostrae
592 3577 675 3635 vitae
691 3575 843 3635 codicibus
861 3593 930 3632 mox
945 3569 1133 3630 incommodo
1153 3571 1221 3630 loco
1243 3573 1358 3631 inserta

376 3658 533 3736 leguntur:
555 3679 621 3717 nam
636 3664 772 3719 Comatae
788 3663 833 3717 illo
854 3665 973 3729 tempore
987 3660 1107 3729 traqimcs
1119 3657 1175 3730 fait
1187 3665 1276 3714 sectae
1291 3675 1354 3730 poe·

376 3747 454 3816 heae,
467 3749 515 3818 qai
529 3747 613 3801 libras
622 3744 813 3817 philosophiae
827 3743 947 3814 reliquit,
960 3746 1023 3797 tarn
1037 3739 1141 3818 inepta
1159 3749 1236 3812 sunt,
1254 3749 1287 3798 ut
1303 3740 1356 3799 eli·

376 3827 486 3885 minari
507 3846 544 3886 ea
562 3847 629 3886 cum
646 3824 778 3903 liergkio
800 3825 833 3884 in
856 3822 1003 3883 Zeitschr.
1019 3822 1042 3881 f.
1058 3823 1189 3884 Alterth.
1214 3819 1303 3897 1845,
1326 3844 1358 3902 p.
