3267 4409
326 489 387 552 ror
644 461 1040 551 ornumornum

775 689 908 754 XLVIII.

409 806 486 866 Cum
500 823 620 865 mensas
633 803 746 864 habeat
761 805 831 864 tere
845 807 1019 879 trecentas,

408 891 470 951 Pro
485 889 600 949 mensis
613 889 708 948 habet
722 889 840 949 Annius
854 887 1027 946 miuistros:

409 975 640 1035 Transcurrunt
657 973 782 1050 gabatae
797 970 962 1049 volantque
976 967 1091 1032 lances.

408 1059 472 1118 llas
487 1057 573 1118 vobis
588 1054 695 1136 epulas
709 1056 837 1129 habete,
859 1052 952 1114 lauti:

385 1143 470 1203 5Nos
488 1140 672 1203 offendimur
687 1139 860 1200 ambulante
876 1156 959 1200 cena.

789 1301 894 1365 XLIX.

406 1417 504 1476 Parva
518 1415 684 1476 suburbani
698 1412 877 1474 munuscula
890 1413 1038 1473 mittImus
1052 1413 1153 1473 horti:

448 1500 600 1560 Faucibus
616 1519 671 1559 ova
684 1501 763 1577 tuis,
784 1518 889 1579 poma,
911 1497 1043 1576 Severe,
1065 1496 1164 1577 gulae.

825 1661 860 1722 L.

407 1774 492 1834 Fons
507 1771 664 1851 dominae,
685 1775 793 1853 regina
807 1774 885 1853 loci,
908 1793 968 1853 quo
984 1771 1096 1852 gaudet
1110 1772 1242 1847 Ianthis,

449 1855 558 1918 Gloria
571 1858 754 1937 conspicuae
769 1857 975 1938 deliciumque
992 1857 1115 1935 domus,
1149 1864 1171 1882 “·

408 1943 485 2002 Cum
500 1947 551 2002 tua
564 1948 613 2003 tot
626 1942 724 2002 niveis
739 1948 868 2002 ornetur
883 1943 952 2023 ripa
965 1942 1113 2002 ministris

448 2027 491 2086 Et
505 2026 704 2106 Ganymedeo
718 2025 823 2087 luceat
835 2024 917 2086 unda
931 2027 1043 2086 choro:

385 2109 490 2187 cquid
505 2111 579 2170 facit
595 2109 723 2171 Alcides
739 2112 813 2172 silva
828 2116 965 2170 sacratus
978 2110 1011 2169 in
1024 2109 1106 2168 ista‘l

448 2194 524 2254 Tam
538 2195 637 2258 vicina
652 2196 710 2276 tibi
724 2215 779 2255 cur
792 2201 881 2256 tenet
896 2199 983 2254 antra
998 2193 1097 2254 deus‘l

404 2277 559 2357 Numquid
573 2278 780 2359 Nympharum
793 2285 884 2340 notos
899 2281 1041 2339 observat
1056 2296 1195 2356 amores,

448 2361 525 2422 Tam
540 2361 629 2423 multi
640 2365 760 2444 pariter
772 2382 813 2424 ne
828 2364 987 2447 rapiantur
1002 2361 1126 2442 Hylaei

818 2526 867 2589 LI.

405 2637 543 2698 Mercari
556 2645 678 2700 nostras
693 2642 720 2700 si
734 2646 766 2701 te
780 2642 882 2721 piget,
903 2641 1037 2721 Urbice,
1056 2659 1151 2722 nugas

445 2721 487 2782 Et
499 2720 611 2782 lasciva
625 2731 728 2784 tamen
743 2727 876 2785 carmina
890 2745 982 2786 nosse
992 2724 1091 2806 libet,

404 2805 583 2887 Pompeium
599 2826 728 2885 quaeres
740 2842 784 2854 —
799 2815 832 2868 et
845 2810 928 2869 nosti
941 2810 1072 2871 forsitan
1089 2844 1126 2855 -
1141 2810 1292 2887 Auctum3

446 2888 567 2952 Ultoris
579 2893 678 2971 prima
692 2893 803 2953 Martis
816 2893 850 2952 in
866 2891 943 2954 aede
958 2892 1063 2955 sedet:
1231 2960 1236 2967 ,

382 2971 475 3037 blure
490 2973 616 3035 madeus
630 2976 776 3056 varioque
786 2972 882 3056 'togae
895 2976 1018 3038 limatus
1033 2979 1066 3037 iu
1080 2997 1153 3057 usu,

444 3058 514 3119 Non
528 3058 630 3120 lector
644 3078 729 3121 meus
742 3062 809 3140 hic,
831 3060 964 3140 Urbice,
985 3061 1042 3122 sed
1055 3060 1138 3123 liber
1152 3069 1214 3128 est.

404 3142 461 3203 Sic.
469 3148 559 3204 tenet
571 3145 715 3206 absentes
729 3151 853 3207 nostros
868 3150 1032 3225 cantatque
1046 3144 1192 3226 libellos,

444 3225 488 3287 Ut
500 3233 611 3307 pereat
625 3229 740 3290 chartis
753 3230 861 3291 littera
873 3229 959 3290 nulla
973 3231 1059 3293 meis.

402 3310 559 3390 Denique,
580 3313 608 3371 si
621 3312 732 3390 vellet,
753 3320 878 3392 poterat
892 3314 1054 3393 scripsisse
1067 3311 1187 3392 videri3

361 3403 395 3455 10
444 3393 507 3453 Sed
520 3395 619 3455 famae
634 3395 747 3456 mavolt
760 3395 817 3456 ille
831 3397 937 3457 farere
950 3415 1047 3457 meae.

402 3476 493 3538 Hune
504 3477 580 3538 licet
594 3499 612 3538 a
627 3479 744 3540 decima
753 3498 910 3559 -neque
925 3482 1006 3541 enlm
1017 3481 1092 3541 satis
1104 3487 1178 3542 ante
1187 3481 1305 3559 vacabit
1314 3509 1335 3523 -

445 3558 619 3640 sollicites,
641 3564 743 3643 capiet
757 3561 866 3624 cenula
879 3583 973 3644 parva
987 3564 1073 3625 duos.
1100 3598 1104 3603 ·

402 3642 458 3704 Ille
472 3643 575 3723 leget,
596 3648 668 3706 bibe
683 3653 732 3706 tur
754 3646 844 3708 noles
857 3647 949 3727 licet,
971 3648 1028 3709 ille
1043 3650 1181 3711 sonabit:

444 3729 486 3790 Et
501 3748 569 3790 cum
583 3729 667 3812 „lam
681 3732 755 3792 satis
769 3732 840 3794 est“
860 3731 990 3813 dixeris,
1012 3732 1067 3794 ille
1081 3731 1176 3813 leget
