3267 4409
508 405 1022 520 nmommnmonnmvm.
1225 456 1285 519 195

702 653 825 716 LXXV.

326 769 409 830 Dum
428 768 546 848 repetit
562 785 632 828 sera
646 767 815 829 conductos
830 774 1066 849 nocterpenates

372 854 529 931 Lingonus
544 873 561 911 a
575 851 675 912 Tecta
688 851 902 932 Flaminiaque
916 872 1042 933 recens,
1145 878 1148 885 ·

329 934 458 1016 Expulit
471 937 590 996 offenso
607 937 745 997 vitiatum
758 935 875 1024 pollice
890 935 984 998 talum

259 1089 262 1094 ,
308 1064 314 1073 ,
371 1022 415 1083 Et
430 1021 525 1081 iacuit
538 1026 605 1079 toto
621 1039 752 1100 corpore
766 1022 852 1080 tusus
865 1022 960 1084 humi.
1210 1086 1214 1097 ,

307 1105 414 1182 5Quid
429 1105 549 1165 faceret
563 1103 686 1182 Gallus,
708 1124 767 1183 qua
781 1123 815 1164 se
829 1106 949 1166 ratione
965 1108 1125 1168 moveret?

371 1190 493 1268 ingenti
510 1187 632 1248 domino
648 1187 789 1250 servulus
804 1208 881 1249 unus
896 1195 980 1268 erat,

331 1274 408 1333 Tam
421 1292 538 1350 macer,
559 1278 593 1332 ut
607 1273 761 1333 minimam
776 1280 884 1354 posset
897 1275 946 1334 vix
962 1274 1049 1335 ferre
1061 1272 1237 1337 lucernam:

374 1357 534 1417 Succurrit
548 1358 661 1416 misero
678 1377 765 1417 casus
784 1376 936 1436 opemque
950 1357 1033 1421 tulit.

332 1443 484 1519 Quattuor
497 1442 641 1520 inscripti
655 1443 820 1520 portabant
833 1440 895 1501 vile
910 1441 1055 1524 cadaver,

288 1537 323 1589 10
370 1526 494 1605 Accipit
506 1525 617 1585 infelix
631 1523 733 1604 qualia
747 1525 833 1585 mille
848 1544 950 1604 rogus.

329 1610 395 1670 Hos
410 1629 512 1670 comes
526 1608 676 1669 invalidus
691 1612 849 1671 summissa
859 1629 935 1670 voce
951 1618 1112 1691 precatur,

322 1771 326 1776 ³
370 1694 415 1754 Ut
427 1713 613 1773 vquocunque
627 1693 875 1775 velint„corpus
889 1695 980 1755 inane
993 1694 1105 1758 ferant.

330 1777 527 1839 Permutatur
543 1797 619 1838 onus
631 1778 805 1858 stipataque
818 1777 940 1839 tollitur
955 1778 1017 1840 alte

372 1862 507 1924 Grandis
521 1864 555 1922 in
570 1869 697 1940 augusta
711 1865 831 1924 sarcina
845 1862 1012 1943 sandapila.

288 1946 388 2008 15Hic
403 1948 479 2006 mihi
493 1945 533 2006 de
548 1945 653 2006 multis
667 1967 761 2025 unus,
777 1947 919 2024 Lucane,
941 1946 1079 2026 videtur,

371 2030 430 2091 Cui
444 2032 556 2093 merito
572 2030 635 2092 dici
648 2037 791 2109 „mortue
807 2029 920 2092 Galle“
935 2037 1049 2110 potest.

701 2164 837 2226 Lxxvi.

328 2278 408 2356 „Dic
422 2295 528 2338 verum
541 2280 633 2356 mihi,
650 2279 779 2358 Marce,
801 2276 851 2337 dic
866 2279 988 2352 amab03

329 2361 381 2422 Nil
396 2369 460 2441 cst,
471 2362 566 2442 -quod
580 2364 676 2442 magis
691 2362 809 2422 audiam
822 2361 992 2424 libenter.“

329 2447 381 2506 Sic
397 2453 430 2506 et
443 2466 512 2507 cum
525 2448 639 2507 recitas
654 2453 723 2508 tuos
737 2444 882 2526 libellos,

326 2531 369 2591 Ilt
382 2551 502 2590 causam
516 2533 658 2610 quotiens
675 2533 738 2610 agis
751 2531 889 2610 clientis,

305 2614 425 2693 50ras,
448 2613 583 2693 Gallice,
605 2634 654 2677 me
669 2634 821 2694 rogasque
836 2634 968 2696 semper.

328 2700 445 2759 Durum
459 2705 507 2759 est
521 2717 570 2758 me
585 2701 658 2778 tibi,
679 2699 761 2778 quod
774 2702 871 2780 petis,
891 2718 1015 2779 negare.

261 2778 264 2786 “
327 2783 412 2847 Vero
425 2784 528 2844 verius
544 2802 617 2861 ergo
633 2783 706 2863 quid
723 2785 779 2862 sit,
802 2783 888 2844 audi:

327 2867 462 2946 Verum,
484 2866 620 2946 Gallice,
642 2888 705 2927 non
718 2867 856 2927 libenter
872 2865 967 2930 audis.
1060 2926 1070 2938 Ι

689 3000 838 3063 LXXVII.

327 3114 439 3193 Liber,
459 3114 624 3174 amicorum
640 3110 815 3172 dulcissima
830 3130 903 3170 cura
915 3117 1053 3189 tuorum,

368 3199 483 3275 Liber,
504 3199 537 3257 in
551 3203 678 3256 aeterna
691 3197 795 3256 vivere
811 3193 903 3273 digne
918 3214 1004 3272 roso,

328 3282 362 3345 Si
376 3285 475 3362 sapis,
498 3282 624 3360 Assyrio
641 3299 763 3360 semper
777 3279 835 3339 tibi
850 3279 944 3338 crinis
960 3296 1076 3338 amomo

371 3365 543 3447 Splendeat
556 3373 588 3424 et
605 3366 728 3442 cingant
742 3366 839 3424 florea
853 3369 937 3423 serta
951 3369 1059 3442 caput;

305 3451 470 3513 ocandida
484 3452 659 3528 nigrescant
674 3447 778 3509 vetulo
795 3446 940 3527 crystalla
956 3446 1091 3508 Falerno

370 3537 412 3596 nt
427 3533 527 3594 caleat
542 3531 654 3592 blando
669 3533 771 3594 mollis
786 3551 891 3593 amore
906 3539 1001 3592 torus.

331 3620 390 3695 Qui
407 3620 451 3679 sic
466 3617 515 3678 vel
529 3617 631 3678 medio
646 3618 751 3679 finitus
766 3619 841 3678 vixit
854 3618 887 3677 in
903 3635 994 3693 aevo,

371 3703 508 3783 Longior
521 3703 593 3762 huic
606 3702 687 3762 facta
700 3708 764 3782 est,
785 3721 875 3781 quam
887 3700 960 3762 data
972 3701 1036 3763 vita
1046 3699 1121 3765 tuit.

1023 3784 1091 3851 ia*
