3267 4409
533 406 535 410 ’
561 420 900 485 nrmnnmmlnou
918 421 1046 485 nunu.

365 575 419 636 Sic
434 575 531 634 miser
547 574 699 652 instantes
714 572 825 632 affatus
838 570 951 632 dicitur
965 571 1077 631 undas:

404 658 554 738 „Parcite
570 656 642 718 dnm
655 675 807 738 propero,
828 657 959 734 mergite
973 676 1041 716 cum
1054 653 1182 717 redeo.“

750 789 859 852 xxvi.

362 905 453 966 Lusit
466 902 637 968 Nereidum
651 901 760 963 docilis
776 903 889 962 chorus
903 921 1037 982 aequore
1051 909 1118 966 toto

401 990 446 1049 Et
459 990 545 1049 vario
557 986 665 1048 faciles
676 985 785 1047 ordine
799 987 899 1066 pinxit
913 1006 1016 1066 aquas.

360 1073 497 1132 Fuscina
512 1072 608 1132 dente
622 1072 723 1143 minax
736 1075 824 1130 recto
840 1070 917 1148 fuit,
930 1090 1041 1130 ancora
1056 1088 1164 1133 curvo:

403 1155 604 1216 Credidimus
618 1174 736 1215 remum
751 1152 1001 1233 credidimusqne
1013 1163 1127 1238 ratem,

337 1241 402 1301 §Et
418 1246 541 1318 gratum
553 1239 654 1299 nantis
668 1238 752 1298 sidus
764 1237 886 1315 fulgere
899 1237 1053 1298 Laconum
1122 1239 1124 1243 ’

400 1324 543 1402 Lataqne
553 1323 718 1403 perspicuo
732 1319 801 1381 vela
814 1325 935 1380 tumere
950 1323 1027 1382 sinu.

359 1408 438 1484 Quis
452 1414 555 1468 tantas
568 1405 696 1485 liquidis
709 1411 792 1465 artes
806 1406 924 1465 invenit
936 1407 968 1464 in
980 1405 1094 1466 undis?

401 1493 466 1551 Aut
482 1491 589 1569 docuit
601 1489 686 1550 lusus
699 1489 757 1548 hos
766 1486 882 1548 Thetis
897 1488 1078 1550 antdidicit.

733 1588 861 1683 ¹unm.

328 1752 336 1762 ·
358 1733 492 1794 Saecula
504 1732 757 1813 Carpophorum,
780 1733 912 1812 Caesar,
934 1736 960 1795 si
976 1737 1079 1815 prisca
1092 1735 1254 1814 tulissent,

401 1815 477 1878 Non
492 1817 593 1877 aleret
607 1835 719 1877 saevos
733 1818 864 1877 barbara
878 1817 1078 1896 temlerus,

359 1904 428 1963 Non
443 1901 610 1962 Marathon
624 1906 759 1978 taurum,
776 1901 892 1961 Nemee
904 1901 1051 1977 frondosa
1063 1902 1203 1980 leonem,

399 1987 500 2045 Arcas
515 1982 703 2044 Maenalium
715 2004 777 2043 non
791 1985 947 2045 timuisset
961 2006 1076 2067 aprum.

337 2070 431 2130 5Hoc
443 2072 583 2140 armante
596 2087 701 2126 manus
714 2067 831 2146 hydrae
842 2088 925 2128 mors
938 2089 997 2128 nna
1007 2070 1133 2147 fuisset,
1224 2129 1227 2134 .

400 2154 484 2212 Huic
497 2170 644 2232 percussa
655 2151 739 2211 foret
754 2157 820 2211 tota
835 2153 997 2212 Chimaera
1009 2151 1113 2214 semel.

357 2235 512 2316 lgniieros
524 2235 623 2315 possit
637 2236 703 2294 sinc
719 2233 869 2296 Colchide
882 2238 1010 2314 iungere
1022 2246 1143 2313 tauros,

399 2320 507 2380 Possit
522 2325 682 2396 utramque
697 2319 793 2378 feram
808 2321 932 2380 vincere
945 2321 1120 2401 Pasiphaes.

358 2405 393 2464 Si
408 2406 467 2482 sit,
488 2411 524 2464 ut
537 2405 684 2481 aequorei
699 2411 863 2463 revocetur
877 2401 980 2464 fabula
994 2406 1139 2485 monstri,

322 2500 351 2550 10
398 2489 561 2548 Hesionen
574 2485 674 2547 solvet
686 2486 769 2547 solus
783 2493 816 2547 et
829 2485 1059 2562 Andromedan.

357 2572 535 2632 Herculeae
546 2569 645 2630 laudis
658 2577 839 2632 numeretur
854 2571 966 2650 gloria:
987 2572 1057 2653 plns
1072 2581 1121 2636 est

398 2656 453 2715 Bis
467 2655 562 2715 denas
576 2655 694 2734 pariter
707 2655 921 2737 perdomuisse
935 2656 1028 2718 feras.

722 2789 858 2852 XXVlll‘.

357 2904 489 2980 Augusti
504 2899 593 2960 labor
604 2902 655 2961 hic
669 2902 772 2962 fuerat
787 2903 980 2963 committere
993 2901 1108 2965 classes

399 2987 442 3047 Et
453 2986 535 3045 freta
546 2984 644 3045 navali
656 2985 825 3046 sollicitare
839 2988 923 3050 tuba.

360 3069 502 3129 Caesaris
517 3069 594 3129 haec
606 3071 705 3129 nostri
719 3089 790 3150 pars
806 3076 854 3129 est
869 3071 983 3148 quota?
997 3071 1075 3132 vidit
1089 3074 1121 3131 in
1136 3071 1225 3130 undis

399 3154 441 3214 Et
456 3153 568 3213 Thetis
583 3153 703 3231 ignotas
716 3160 749 3213 et
761 3152 889 3214 Galatea
901 3155 1003 3229 feras3

341 3236 448 3299 5Vidit
463 3239 497 3296 in
509 3255 663 3315 aequoreo
676 3238 834 3298 ferventes
848 3236 976 3317 pulvere
993 3257 1099 3298 currus

399 3321 442 3381 Et
456 3321 573 3386 domini
588 3321 701 3380 'l'riton
713 3323 775 3381 isse
785 3323 904 3400 putavit
916 3340 1027 3400 equos:

362 3404 601 3490 Dumquexparat
615 3406 713 3463 saevis
727 3405 844 3464 ratibus
859 3406 927 3464 iera
940 3402 1058 3485 praelia
1072 3402 1209 3484 Nereus,

399 3490 533 3549 Horruit
547 3489 579 3548 in
587 3487 719 3566 liquidis
732 3489 780 3548 ire
793 3488 943 3569 pedester
957 3490 1051 3565 aquis.

364 3571 517 3652 Quidquid
532 3573 611 3632 etin
625 3574 717 3633 Circo
732 3579 889 3652 spectatur
905 3580 937 3632 et
951 3574 1203 3652 Amphitheatro,

333 3663 357 3713 10
399 3656 491 3717 Dives
508 3656 661 3718 Caesarea
673 3658 830 3738 praestitit
843 3657 925 3717 unda
939 3657 1006 3720 tihi.

1303 423 1322 485 7
