3267 4409
711 477 837 526 sannen
859 476 882 542 1,
1261 468 1279 527 3

301 619 365 680 Non
390 633 465 694 ego,
488 633 574 694 quum
597 615 711 691 scribo,
738 617 762 674 si
788 616 866 675 forte
889 616 956 694 quid
972 617 1074 695 aptius
1098 620 1213 680 exit—
1246 630 1279 683 45

301 701 421 776 Quando
444 700 518 759 haec
539 717 604 758 rara
627 701 688 759 avis
713 709 758 759 est
774 733 816 744 —
835 702 859 758 si
881 700 948 778 quid
971 709 1065 761 tamen
1089 705 1183 782 aptius
1210 707 1279 780 exit,

300 784 421 846 Laudari
445 791 582 857 metuam,
606 800 701 860 neque
724 784 800 842 enim
821 783 888 842 milri
912 801 1018 844 cornea
1041 785 1114 846 fibra
1135 797 1195 857 cst;

301 869 360 929 Sed
384 867 457 926 recti
482 865 624 943 finemque
650 876 866 946 extremumque
887 886 954 927 esse
980 886 1085 929 recuso

300 952 384 1028 Euge
407 958 484 1009 tuum
506 957 535 1008 et
558 949 647 1008 belle.
683 948 755 1009 Nam
777 949 857 1009 belle
880 951 937 1010 hoc
961 962 1067 1012 excute
1089 962 1211 1017 totum:

301 1035 376 1108 Quid
398 1050 455 1091 non
477 1033 552 1090 intus
575 1030 685 1092 habet?
710 1050 767 1091 non
789 1033 837 1092 hic
860 1044 905 1093 est
929 1033 996 1094 llias
1020 1035 1079 1095 Atti
1246 1050 1281 1100 50

301 1118 389 1178 Ebria
411 1113 549 1175 veratro?
573 1132 631 1175 non
653 1117 677 1174 si
699 1134 754 1193 qua
779 1117 904 1193 elegidia
927 1118 1007 1177 crudi

301 1201 450 1262 Dictarunt
470 1197 633 1276 proceres?
657 1216 715 1258 non
737 1201 875 1278 quidquid
897 1201 1022 1280 denique
1044 1201 1128 1262 lectis

302 1283 443 1345 Scribitur
464 1284 492 1341 in
515 1279 635 1342 citreis‘l
660 1280 789 1343 Calidum
812 1287 872 1343 scis
894 1302 1005 1362 ponere
1030 1303 1141 1361 sumen,

266 1369 272 1378 ‘
301 1369 367 1428 Scis
390 1367 524 1426 comitem
547 1365 724 1425 horridulum
745 1368 811 1426 trita
835 1367 944 1428 donare
969 1369 1099 1445 lacerna,

300 1450 352 1511 Et:
377 1468 499 1525 oerum,
521 1450 631 1526 inquis,
656 1468 744 1510 omo.-
766 1468 874 1512 oerum
894 1453 967 1513 miti
989 1454 1083 1514 dicite
1102 1452 1142 1513 de
1160 1471 1217 1514 mc.
1247 1465 1280 1515 55

302 1534 357 1608 Qui
378 1529 469 1611 pote‘l
491 1534 534 1591 vis
557 1529 671 1592 dicam?
696 1536 830 1611 nugaris,
854 1553 940 1612 quum
959 1535 1026 1612 tibi,
1047 1535 1142 1611 calve,

300 1618 417 1694 Pinguis
439 1615 619 1694 aqualiculus
644 1625 784 1694 protenso
807 1619 986 1696 sesquipede
1010 1628 1116 1680 exstet.

302 1700 431 1785 Olane,
455 1718 471 1759 a
495 1708 580 1776 tergo
602 1716 687 1777 quem
709 1699 787 1761 nulla
811 1703 926 1762 ciconia
946 1704 1044 1781 pinsit,

300 1783 364 1844 Nec
386 1779 484 1842 manus
507 1783 651 1843 auriculas
673 1784 775 1843 imitari
800 1785 916 1845 mobilis
941 1785 1034 1861 albas,

300 1867 364 1927 Nec
385 1867 520 1944 linguae,
543 1875 678 1943 quantum
700 1869 777 1927 sitiat
802 1870 881 1928 canis
901 1867 1034 1946 Appula,
1056 1869 1168 1929 tantae!
1247 1881 1281 1933 60

300 1952 380 2024 Vos,
403 1966 420 2009 c
448 1951 584 2028 patricius
606 1952 741 2028 sanguis,
764 1967 838 2028 quos
860 1953 961 2011 vivere
982 1952 1027 2011 las
1046 1960 1091 2011 est

302 2034 426 2112 Oecipiti
447 2050 555 2108 caeco,
577 2034 710 2110 posticae
733 2035 877 2093 occurrite
900 2033 1030 2095 sannaei.

343 2117 415 2190 Quis
438 2117 539 2195 populi
557 2133 652 2176 sermo
675 2114 741 2176 est?
764 2118 828 2195 quis
852 2119 941 2192 enim,
965 2119 1019 2176 nisi
1041 2120 1166 2178 carmina
1185 2119 1266 2178 molli
1363 2166 1365 2171 ,

300 2201 383 2260 Nunc
403 2199 515 2259 demum
536 2217 655 2260 numero
677 2199 785 2276 fluere,
808 2210 839 2260 ut
861 2201 1000 2278 perleve
1021 2218 1144 2262 severos

300 2283 434 2344 Effundat
451 2286 580 2344 iunctura
600 2281 735 2358 ungues?
757 2283 819 2343 Scit
840 2284 960 2344 tendere
984 2303 1100 2344 versum
1246 2295 1281 2348 65

300 2368 365 2428 Non
386 2385 473 2426 secus
499 2384 534 2426 ac
556 2368 580 2425 si
599 2367 687 2426 oculo
710 2365 853 2428 rubricam
874 2366 979 2444 dirigat
1002 2385 1072 2437 un0;

301 2453 369 2512 Sive
392 2468 466 2529 opus
490 2452 518 2509 in
539 2467 651 2526 mores,
675 2450 703 2508 in
728 2451 841 2526 luxum,
863 2452 892 2509 in
912 2452 1032 2530 prandia
1052 2469 1155 2529 regum

300 2536 426 2610 Dicere,
448 2552 497 2593 res
516 2534 643 2611 grandes
664 2543 765 2594 nostro
788 2533 837 2594 dat
857 2532 940 2595 llusa
961 2546 1079 2614 poetae.

300 2618 381 2679 Ecce
403 2617 489 2677 modo
511 2617 617 2678 heroas
641 2635 746 2678 sensus
767 2618 874 2680 afferre
895 2620 1026 2680 videmus

300 2702 409 2778 Nugari
432 2701 536 2760 solitos
557 2719 683 2778 graece,
706 2720 761 2761 nec
782 2719 895 2780 ponere
917 2703 1013 2763 lucum
1248 2710 1282 2764 70

301 2786 437 2844 Artifices
459 2802 514 2844 nec
538 2803 587 2844 rus
609 2793 735 2844 saturum
755 2785 890 2859 laudare,
917 2785 965 2844 ubi
987 2784 1093 2845 corbes

301 2869 338 2929 Et
363 2868 446 2928 iocus
469 2877 498 2928 et
520 2869 603 2946 porci
627 2878 656 2928 et
675 2867 906 2943 fumosaPalilia
928 2869 1027 2943 ioeno,
1135 2888 1147 2909 ·

301 2950 382 3013 Unde
405 2951 512 3011 Remus
535 2952 677 3030 sulcoque
701 2960 798 3010 terens
823 2950 964 3027 dentalia,
988 2952 1096 3026 Quinti,

302 3036 395 3109 Quem
422 3035 534 3114 trepida
555 3045 621 3096 ante
642 3035 735 3095 hoves
757 3034 928 3119 dictaturam
949 3034 1039 3096 induit
1059 3051 1134 3094 uxor

301 3118 338 3178 Et
360 3128 407 3178 tua
431 3128 525 3179 aratra
548 3119 662 3178 domum
681 3119 767 3178 lictor
794 3117 913 3178 tultt-
937 3136 1013 3195 euge
1035 3116 1138 3201 poeta!
1248 3125 1281 3177 75

301 3201 354 3260 Est
374 3220 449 3262 nunc
474 3201 584 3265 Brisaei
608 3220 693 3280 quem
714 3217 842 3262 venosus
867 3200 942 3262 liber
963 3201 1048 3278 Acci,

302 3287 373 3344 Sunt
399 3303 473 3363 quos
497 3284 696 3364 Pacuviusque
720 3294 750 3345 et
771 3302 930 3346 verrucosa
954 3293 1083 3346 moretur

301 3367 444 3446 Antiopa,
467 3370 611 3429 aerumnis
637 3386 689 3430 cor
712 3368 899 3428 luctificabile
919 3365 1010 3429 iulta‘l

301 3451 361 3510 Hos
386 3453 485 3529 pueris
508 3454 631 3513 monitus
654 3461 752 3531 patres
777 3452 929 3513 infundere
950 3452 1048 3529 lippos

302 3535 395 3608 Quum
418 3535 534 3610 videas,
557 3538 726 3614 quaerisne,
752 3535 828 3595 unde
852 3536 925 3595 haec
947 3543 1064 3611 sartago
1090 3534 1226 3612 loquendi
1248 3542 1282 3594 80

301 3617 422 3678 Venerit
443 3619 472 3677 in
496 3619 625 3697 linguas,
650 3620 726 3680 unde
749 3619 824 3678 istuc
846 3619 991 3694 dedecus,
1016 3621 1124 3695 inquo

304 3700 459 3761 Trossulus
484 3703 609 3763 exsultat
632 3703 683 3763 tibi
708 3721 762 3782 per
781 3700 924 3764 subsellia
948 3699 1078 3844 levisp*
