3267 4409
645 453 691 517 M.
708 453 802 518 VAL.
817 453 1044 517 MARTIALIS
1161 507 1169 516 .

408 609 554 670 Protinus
569 613 621 667 aut
632 606 730 667 Marsi
744 608 858 668 recitas
874 615 925 668 aut
939 611 1055 689 scripta
1070 604 1197 674 catulli.

451 694 520 753 Hoc
534 692 609 750 milri
625 690 695 769 das,
717 698 861 770 tauquam
877 691 1035 753 deteriora
1047 694 1150 773 legas,

388 778 454 841 aot
468 775 579 837 collata
592 777 687 854 magis
699 777 842 856 placeant
856 778 948 836 mea?
978 777 1141 840 Credimus
1159 778 1262 841 istud:

451 859 536 923 Malo
551 867 653 921 tamen
665 862 797 937 recites,
817 859 1009 942 Caeciliano,
1029 869 1092 927 tua.

786 989 905 1050 LXXII.

359 1137 361 1140 ·
411 1104 566 1163 Hesterna
579 1102 693 1161 factum
708 1106 868 1178 narratur,
889 1101 1053 1179 Postume,
1076 1118 1153 1161 cena

452 1185 542 1264 Quod
555 1184 671 1245 nollem
690 1221 725 1228 -
744 1187 811 1264 quis
827 1186 909 1245 enirn
927 1183 1002 1244 talia
1016 1185 1098 1245 iacta
1111 1185 1251 1266 probet?
1266 1218 1309 1230 -

411 1271 453 1332 0s
467 1272 524 1330 tibi
538 1271 692 1350 percisum
710 1276 822 1348 quanto
841 1289 902 1328 non
916 1270 984 1349 ipse
999 1269 1126 1330 Latinus
1169 1348 1174 1355 ι

450 1353 534 1416 Vilia
547 1352 707 1413 Panniculi
722 1355 858 1433 percutit
873 1373 926 1413 ora
941 1373 1032 1434 sono:

388 1435 561 1516 5Quodque
577 1440 672 1516 magis
686 1439 796 1497 mirum
811 1444 875 1514 est,
897 1443 1054 1497 auctorem
1067 1437 1204 1499 criminis
1219 1439 1309 1499 huius
1331 1442 1334 1447 ’

452 1521 621 1582 Caecilium
636 1529 702 1582 tota
716 1542 820 1581 rumor
834 1523 867 1581 in
883 1524 960 1581 urbe
975 1528 1071 1583 sonat.

408 1606 486 1665 Esse
501 1625 594 1686 negas
609 1606 736 1666 factum:
758 1608 802 1665 vis
817 1607 877 1665 hoc
891 1623 939 1665 me
955 1605 1110 1666 credere?
1131 1604 1237 1668 credo.

452 1688 549 1769 Quid,
572 1689 653 1769 quod
666 1692 761 1751 habet
774 1697 890 1768 testes,
910 1691 1074 1769 Postume,
1097 1690 1275 1752 Caecilius?

777 1823 910 1886 LXlllll.

409 1938 490 2017 Quid
503 1939 597 2000 faciat
611 1938 676 2000 vult
689 1942 770 2002 scire
786 1942 893 2020 Lyris:
915 1939 996 2020 quod
1011 1941 1129 2002 sobria:
1151 1939 1269 2016 fellat.-

777 2075 912 2138 LXXIV.

410 2189 552 2248 Ginctum
565 2188 677 2264 togatis
691 2193 762 2267 post
778 2194 811 2247 et
826 2195 897 2247 aute
911 2186 1068 2247 Saufeium

410 2271 529 2347 Quanta
539 2270 647 2331 reduci
661 2271 795 2348 Regulus
811 2271 893 2331 solet
905 2273 1011 2349 turba,

408 2352 458 2414 Ad
472 2354 532 2414 alta
545 2359 667 2414 tonsum
681 2354 797 2434 templa
810 2375 878 2415 cum
892 2374 979 2415 reum
993 2356 1092 2434 misit,

408 2438 569 2515 Materne,
592 2439 716 2497 cernis?
736 2437 877 2498 invidere
891 2439 999 2505 nolito.

387 2523 580 2582 oGomitatus
593 2522 654 2580 iste
669 2523 709 2581 sit
723 2541 836 2601 precor
850 2529 920 2582 tuus
934 2543 1097 2603 nunquam.

407 2606 473 2665 Hos
488 2603 536 2665 illi
552 2607 664 2665 amicos
678 2612 710 2664 et
726 2625 837 2684 greges
851 2612 1025 2686 togatorum

408 2688 606 2750 Fuficulenus
619 2697 758 2770 praestat
773 2698 806 2751 ct
820 2690 1018 2754 Faventinus.

787 2824 909 2888 LXXV.

407 2937 548 2999 Verbera
563 2939 664 2997 securi
682 2937 790 2998 solitus
801 2938 854 2999 leo
869 2940 955 2999 forre
970 2938 1108 3018 magistri
1244 3010 1249 3021 Ι

450 3021 663 3100 Insertamque
674 3025 739 3103 pati
752 3023 882 3083 blandus
897 3026 929 3084 iu
945 3044 999 3084 ora
1015 3042 1135 3083 manum
1154 3041 1159 3054 ’

408 3105 566 3166 Dedidicit
579 3125 685 3186 pacem
700 3109 801 3168 subito
817 3109 944 3168 feritate
963 3103 1106 3185 reversa,

450 3192 569 3268 Quanta
585 3191 688 3251 necin
703 3192 828 3271 Libycis
845 3192 952 3252 debuit
965 3210 1035 3251 esse
1049 3192 1139 3268 iugis.

385 3271 487 3334 5Nam
500 3274 560 3334 duo
577 3275 617 3334 de
633 3281 744 3336 tenera
755 3275 889 3356 puerilia
903 3295 1033 3358 corpora
1047 3277 1155 3352 turba,

450 3357 651 3436 Sanguineam
665 3361 773 3420 rastris
789 3378 867 3437 quae
881 3361 1048 3419 renovabat
1060 3359 1201 3439 humum,

407 3439 520 3500 Saevos
537 3450 570 3501 et
584 3442 692 3503 infelix
706 3441 811 3502 furiali
830 3441 924 3502 dente
939 3443 1087 3522 peremit:

447 3524 563 3584 Martia
577 3524 638 3584 no‘n
653 3527 731 3586 vidit
744 3528 840 3585 maius
857 3527 972 3586 harena
985 3528 1082 3588 nefas.

386 3606 587 3667 -Exclamare
600 3607 695 3668 libet:
716 3608 891 3687 „crudelis,
914 3610 1050 3689 perfide,
1071 3611 1206 3692 praedo,
1228 3629 1235 3638 ’

282 3703 286 3715 ’
366 3702 401 3753 ἰο
448 3692 476 3752 Α
493 3697 600 3752 nostra
613 3694 720 3773 pueris
732 3713 863 3774 parcere
879 3693 964 3755 disce
980 3694 1091 3775 lupa!“
