3267 4409
370 438 407 499 16
690 450 725 497 o.
748 449 821 498 uuu.
842 447 1028 497 ruvnnnms

365 590 472 652 lectus
494 595 557 650 erat
577 586 675 648 Codro
696 586 822 667 Procula
843 587 951 664 minor,
975 587 1088 648 urceoli
1109 606 1174 666 sex,

367 674 570 735 Ornamentum
591 672 692 747 abaci,
715 689 850 731 necnon
873 680 902 730 et
919 671 1056 749 parvulus
1075 672 1148 733 inira
1354 750 1358 755 Ι

367 758 527 820 Cantharus
551 765 580 817 ct
602 755 747 815 recubans
768 754 821 817 sub
844 754 948 814 codem
969 774 1112 816 marmore
1135 755 1261 826 Chiron;
1309 766 1362 819 bot

365 842 484 926 lamque
507 850 592 901 vetus
615 856 743 914 graecos
764 838 901 901 servabat
923 839 994 900 cista
1016 840 1145 917 libellos,

365 926 403 988 Et
424 927 518 987 divina
539 926 617 1002 opici
638 923 779 984 rodebant
802 924 928 983 carmina
949 942 1055 987 mures.

365 1011 414 1072 Nil
431 1009 530 1070 habuit
548 1007 676 1078 Codrus3
700 1009 763 1087 quis
787 1006 861 1067 eninr
880 1004 989 1083 negat?
1013 1017 1042 1068 et
1064 1018 1160 1071 tamen
1181 1008 1255 1070 illud

365 1094 494 1155 Perdidit
512 1093 614 1152 infelix
635 1100 726 1152 totum
747 1092 834 1151 nihil:
856 1091 973 1150 ultimus
993 1101 1088 1153 autem

365 1178 531 1249 Aerumnae
548 1186 592 1237 cst
609 1175 755 1252 cumulus,
773 1175 851 1253 quod
868 1175 972 1234 nudum
987 1184 1017 1236 et
1031 1176 1123 1238 frusta
1138 1187 1297 1257 rogantem
1313 1189 1364 1243 21⁰

365 1261 459 1323 Nemo
483 1260 567 1337 cibo,
590 1277 676 1338 nemo
699 1258 826 1338 hospitio
847 1268 986 1338 tectoque
1004 1260 1122 1321 iuvabit.
1240 1266 1247 1280 ‘

367 1345 398 1407 si
418 1362 521 1423 magna
544 1344 673 1405 Asturici
695 1344 803 1403 cecidit
826 1343 944 1418 domus,
967 1343 1085 1405 horrida
1104 1353 1208 1423 mater,

366 1428 471 1490 Pullati
492 1446 651 1507 proceres,
672 1427 769 1488 dillert
790 1427 953 1487 vadimonia
971 1437 1105 1504 praetor;

366 1512 449 1573 Tunc
468 1513 609 1589 gemimus
631 1529 716 1571 casus
738 1511 834 1587 urbis,
851 1519 919 1571 tunc
939 1511 1051 1571 odimus
1071 1512 1176 1589 ignem.

367 1595 461 1656 Ardet
483 1595 592 1671 adhuc,
616 1603 646 1655 et
669 1597 724 1655 iam
745 1596 871 1656 accurrit
893 1596 941 1673 qui
960 1612 1101 1656 marmora
1123 1595 1225 1673 donet,
1312 1608 1362 1663 ms

369 1678 509 1740 Conferat
532 1680 693 1757 impensas:
716 1679 763 1738 hic
784 1679 859 1739 nuda
882 1688 911 1737 et
933 1680 1053 1740 cundida
1076 1682 1170 1758 signa,

366 1764 421 1825 llic
441 1762 549 1841 aliquid
573 1762 754 1840 praeclarum
773 1761 971 1840 Euphranoris
991 1772 1020 1822 et
1039 1763 1184 1840 Polycliti,

366 1848 447 1909 llaec
470 1846 643 1907 Asianorum
666 1855 767 1906 vetera
789 1855 954 1906 ornamenta
977 1848 1108 1923 deorum,

366 1931 420 1993 Hic
443 1931 535 1992 libros
558 1931 635 1991 dabit
654 1939 683 1991 et
703 1930 815 1990 forulos
837 1931 1020 2010 mediamque
1039 1930 1211 2011 Minervam,

366 2016 421 2077 Hic
443 2015 567 2075 modium
588 2015 716 2092 argenti;
738 2014 861 2074 meliora
884 2032 919 2074 ac
938 2015 1020 2092 plura
1039 2017 1157 2093 reponit
1314 2028 1361 2083 220

367 2100 503 2161 Persicus
527 2099 663 2160 orborum
684 2099 859 2159 lautissimus
880 2108 911 2159 et
928 2100 1032 2158 merito
1055 2100 1110 2159 iarn

368 2186 546 2263 Suspectus,
567 2193 709 2263 tamquam
731 2185 795 2261 ipsc
817 2200 884 2244 suas
902 2183 1064 2243 incenderit
1085 2184 1186 2245 aedes.

368 2269 399 2329 si
420 2276 506 2347 potes
528 2268 616 2328 avelli
634 2266 833 2343 circensibus,
858 2268 965 2345 optima
983 2268 1076 2328 Sorae

367 2351 426 2412 Aut
441 2350 628 2412 Fabrateriae
649 2352 749 2412 domus
771 2360 820 2412 aut
841 2348 1002 2411 Frusinone
1024 2359 1153 2428 paratur,

369 2435 475 2508 Quanti
496 2452 571 2493 nunc
592 2435 730 2495 tenebras
751 2453 837 2495 unum
859 2435 997 2497 conducis
1015 2437 1043 2494 in
1064 2454 1177 2496 annum.
1313 2446 1358 2503 nt

367 2516 507 2578 Hortulus
528 2515 576 2575 hic
595 2525 757 2597 puteusque
778 2519 877 2579 brevis
896 2537 952 2579 nec
971 2526 1051 2581 re'ste
1069 2520 1236 2583 movendus

368 2599 402 2661 ln
423 2609 527 2659 tenues
542 2600 655 2677 plantas
676 2600 754 2662 facili
779 2602 943 2664 diffunditur
964 2602 1075 2663 haustu.
1328 2662 1333 2669 ,
1398 2670 1399 2687 χ

369 2684 445 2744 Vive
468 2682 591 2743 bidentis
612 2702 709 2745 amans
731 2695 760 2745 et
779 2688 847 2747 culti
880 2687 983 2747 vilicus
1002 2686 1109 2763 horti,
1396 2702 1399 2771 Ι

369 2768 454 2828 Unde
477 2767 593 2846 epulum
614 2771 711 2848 possis
734 2781 847 2831 centum
867 2771 938 2832 dare
960 2770 1162 2848 Pythagoreis.
1397 2778 1399 2787 '

368 2851 423 2912 Est
444 2851 566 2930 aliquid,
587 2871 769 2933 quocumque
795 2854 881 2932 loco,
905 2873 1087 2936 quocumque
1107 2862 1251 2937 recessu,
1282 2920 1285 2925 ,
1313 2866 1359 2923 not

368 2935 459 2997 Unius
482 2954 550 2996 sese
574 2933 714 2998 dominum
736 2939 854 2999 iecisse·
869 2938 1009 3000 lacertae.

410 3019 550 3080 Plurimus
573 3020 621 3082 hic
643 3041 734 3100 aeger
756 3025 876 3083 moritur
894 3022 1058 3100 vigiland03
1080 3023 1135 3085 sed
1157 3024 1258 3104 ipsum

366 3101 549 3181 languorem
569 3107 685 3184 peperit
708 3106 789 3166 cibus
809 3107 998 3187 imperfectus
1021 3115 1051 3167 et
1069 3106 1199 3171 haerens

366 3187 489 3248 Ardenti
510 3189 674 3260 stomacho;
696 3209 760 3250 narn
781 3209 856 3270 quae
877 3193 1025 3253 meritoria
1045 3208 1179 3255 somnum

366 3270 546 3333 Admittunt?
566 3276 676 3350 magnis
697 3274 800 3354 opibus
823 3275 961 3336 dormitur
982 3276 1011 3334 in
1030 3275 1112 3335 urbe.
1311 3284 1355 3343 236

367 3355 437 3416 lnde
461 3365 546 3435 caput
565 3356 659 3417 morbi
667 3379 674 3427 ;
695 3358 829 3419 redarum
851 3362 986 3420 transitus
1009 3368 1073 3420 arto

366 3439 505 3499 Vicorum
524 3441 631 3501 inllexu
653 3450 682 3501 et
703 3445 803 3503 stantis
825 3444 956 3504 convicia
978 3442 1116 3504 mandrae

366 3520 500 3600 Eripient
521 3542 650 3585 somnum
669 3524 765 3586 Druso
788 3528 944 3606 vitulisque
965 3528 1091 3587 marinis.

368 3605 399 3665 Si
421 3616 509 3666 vocat
531 3609 674 3686 cilicium,
695 3610 778 3671 turba
800 3612 925 3671 cedente
947 3612 1071 3671 vehetur

362 3686 456 3751 Divos
478 3699 508 3753 ct
529 3692 638 3774 ingenti
661 3704 758 3756 curret
776 3714 866 3781 super
888 3712 938 3756 ora
957 3695 1096 3776 Liburno,
1308 3702 1350 3761 tlt
