3267 4409
326 544 388 610 278
649 543 694 606 nn
708 543 801 608 VAL.
819 544 1045 607 MARTIALIS

805 747 885 810 xci

410 857 559 924 Aeolidos
575 861 695 923 cnunce
708 862 790 922 iacet
802 862 863 922 hoc
881 859 1030 922 tumulata
1042 858 1201 944 repulere,

338 958 340 963 '
452 943 569 1006 Ultima
583 947 635 1006 cui
646 964 757 1025 pnrvne
772 948 903 1026 septima
915 946 1001 1006 venit
1012 946 1121 1006 hieme.

411 1030 462 1090 Ah
476 1027 593 1107 scelnn,
615 1030 654 1089 nh
667 1029 803 1089 facinus!
824 1049 974 1110 properas
990 1028 1064 1109 qnid
1079 1031 1176 1111 flere,
1197 1029 1313 1093 viatori

455 1113 524 1173 Non
535 1112 613 1173 licet
625 1115 676 1174 hic
692 1115 773 1173 vitae
788 1112 828 1173 de
843 1115 996 1175 brevitate
1012 1115 1110 1192 queri.

389 1198 551 1260 5Tristiur
566 1203 616 1269 ert
628 1196 694 1257 leto
708 1195 768 1257 leti
783 1192 897 1276 genui:
919 1197 1048 1258 horride
1061 1196 1163 1259 voltur

453 1279 592 1341 Abstulit
610 1287 642 1341 et
657 1287 767 1342 tenero
781 1280 865 1342 sedit
878 1283 911 1342 in
926 1301 981 1355 ore
994 1281 1079 1362 lues,

411 1366 541 1446 Ipseque
557 1364 700 1427 crudeles
716 1365 850 1427 ederunt
865 1364 969 1426 orcula
984 1366 1100 1445 morbi,

455 1448 520 1509 Nec
535 1448 606 1510 duta
620 1456 691 1511 runt
704 1452 802 1530 nigris
816 1457 883 1511 tntu
897 1449 1013 1511 labella
1025 1451 1119 1529 rogis.

412 1532 446 1593 Si
460 1539 522 1592 tam
534 1536 698 1616 praecipiti
712 1535 837 1596 inerunt
850 1539 981 1595 venturu
994 1534 1113 1614 volatu,

373 1627 406 1679 10
454 1617 634 1679 Debuerant
648 1617 709 1679 ulia
723 1619 787 1679 fetu
800 1620 908 1680 venire
922 1621 979 1683 viu.

413 1699 477 1760 Sed
491 1720 574 1761 mers
588 1703 672 1763 vocis
687 1705 750 1762 iter
761 1704 940 1784 properavit
955 1701 1083 1765 cludere
1096 1698 1245 1783 blundne5

453 1785 501 1844 Ne
515 1792 623 1865 posret
639 1786 730 1846 durus
744 1789 875 1848 flectere
889 1785 994 1866 lingue
1009 1786 1092 1849 dees.
1223 1838 1226 1845 ,

803 1920 895 1982 xcss.

411 2031 566 2093 Mentitur
583 2031 636 2110 qui
649 2036 683 2091 te
696 2031 855 2111 vitiorum,
876 2030 983 2112 Zoile,
1006 2031 1090 2092 dicit.

453 2116 523 2177 Non
536 2116 662 2176 vitiosus
676 2116 767 2177 honre
782 2135 833 2197 er,
855 2116 961 2197 zoile,
983 2116 1039 2178 red
1052 2116 1168 2180 vitium.
1259 2140 1265 2147 ·

794 2251 899 2316 xc111.
924 2306 929 2315 .

413 2370 534 2431 Pierio·
547 2371 625 2431 vntir
640 2368 801 2430 Theodori
813 2372 933 2432 flemme
946 2372 1076 2450 penaten

454 2452 602 2517 Abstulit.
632 2455 701 2515 Hoc
715 2455 814 2516 Musis
830 2460 864 2514 et
878 2455 952 2533 tibi,
974 2452 1118 2530 Phoebe,
1139 2448 1268 2532 plncetl

412 2536 577 2614 0110e1u,¹
598 2556 616 2596 ο
634 2555 774 2615 maguum
791 2538 910 2598 facinus
926 2539 1107 2615 crimenque
1122 2534 1269 2616 deorum,

412 2642 416 2651 ¹
451 2621 522 2680 Non
537 2622 614 2681 arsit
627 2623 746 2703 puriter
762 2620 845 2701 qnod
859 2622 966 2682 domur
981 2628 1014 2683 et
1028 2620 1184 2682 deminus!

792 2753 901 2819 XCIV.

413 2863 502 2944 Quod
517 2867 642 2937 nimium
654 2865 731 2929 lives
744 2868 860 2928 nostris
875 2872 909 2927 et
918 2868 1033 2948 ubique
1047 2864 1166 2929 libellis

455 2951 619 3030 Detrahis,
641 2953 784 3030 ignosco:
805 2970 902 3034 verpe
915 2958 1025 3033 poete,
1046 2952 1139 3032 rnpir.

413 3035 483 3096 Hoc
499 3055 621 3114 quoque
635 3056 697 3096 non
713 3057 805 3115 curo,
833 3035 915 3116 qnod
937 3057 1004 3097 cum
1018 3054 1087 3096 men
1101 3035 1235 3097 carmine
1249 3047 1357 3115 eupit,

455 3119 625 3201 Gompilns:
645 3128 677 3182 et
694 3122 755 3199 sic,
776 3140 872 3202 verpe
887 3128 996 3203 poeta,
1014 3121 1104 3202 rupis.

395 3202 501 3266 nlllud
515 3224 564 3266 me
579 3207 712 3284 cruciet,
734 3204 868 3286 Solymis
884 3204 967 3286 quod
980 3210 1069 3265 nutus
1083 3205 1116 3263 in
1129 3203 1208 3285 ipris

455 3289 603 3350 Paedicnr
616 3308 762 3371 puerum,
776 3309 872 3371 verpe
885 3295 993 3369 poete,
1015 3307 1126 3352 meum.

412 3374 496 3436 Ecce
510 3393 604 3454 neges
619 3377 764 3454 iurasque
778 3377 854 3435 mihi
868 3392 927 3456 per
939 3372 1057 3454 templu
1071 3372 1232 3435 Tonuutlr.

374 3517 376 3521 .
453 3457 523 3518 Non
537 3457 646 3521 credor
666 3462 749 3541 iure,
770 3477 882 3540 verpe,
903 3477 962 3540 per
975 3455 1169 3520 Anchialum.

801 3606 897 3670 XCV.

413 3715 563 3778 incideris
572 3710 722 3796 *quotiens
736 3718 769 3777 in
784 3718 871 3778 barin
886 3714 1084 3796 fellnterum,
1138 3754 1141 3759 -
1188 3786 1193 3799 Ι

454 3802 490 3862 In
503 3801 612 3863 solium
625 3808 701 3885 pute
713 3808 747 3863 te
764 3820 926 3884 mergere,
946 3800 1078 3876 Hence,
1099 3805 1202 3882 ceput.

1047 4132 1114 4142 Α
