<?xml version="1.0" encoding="UTF-8"?>
<!DOCTYPE html PUBLIC "-//W3C//DTD XHTML 1.0 Transitional//EN"
    "http://www.w3.org/TR/xhtml1/DTD/xhtml1-transitional.dtd">
<html xmlns="http://www.w3.org/1999/xhtml" xml:lang="en" lang="en">
 <head>
  <title>
</title>
<meta http-equiv="Content-Type" content="text/html;charset=utf-8" />
  <meta name='ocr-system' content='tesseract 3.04.00' />
  <meta name='ocr-capabilities' content='ocr_page ocr_carea ocr_par ocr_line ocrx_word'/>
</head>
<body>
  <div class='ocr_page' id='page_1' title='image "./mvalmartialisep00martgoog_0312.png"; bbox 0 0 3267 4409; ppageno 0'>
   <div class='ocr_carea' id='block_1_1' title="bbox 505 379 1276 504">
    <p class='ocr_par' dir='ltr' id='par_1_1' title="bbox 505 379 1276 504">
     <span class='ocr_line' id='line_1_1' title="bbox 505 379 1276 504; baseline 0.006 -5"><span class='ocrx_word' id='word_1_1' title='bbox 505 434 846 500; x_wconf 79' lang='lat' dir='ltr'><strong>EPIGRAMMATON</strong></span> <span class='ocrx_word' id='word_1_2' title='bbox 858 436 934 501; x_wconf 88' lang='lat' dir='ltr'><strong>LlB.</strong></span> <span class='ocrx_word' id='word_1_3' title='bbox 950 437 999 500; x_wconf 90' lang='lat' dir='ltr'><strong>XI.</strong></span> <span class='ocrx_word' id='word_1_4' title='bbox 1213 379 1276 504; x_wconf 66' lang='lat' dir='ltr'><strong>lie</strong></span> 
     </span>
    </p>
   </div>
   <div class='ocr_carea' id='block_1_2' title="bbox 703 555 811 653">
    <p class='ocr_par' dir='ltr' id='par_1_2' title="bbox 703 555 811 653">
     <span class='ocr_line' id='line_1_2' title="bbox 703 555 811 653; baseline 0.046 -5"><span class='ocrx_word' id='word_1_5' title='bbox 703 555 811 653; x_wconf 75' lang='lat' dir='ltr'><strong>xcvo</strong></span> 
     </span>
    </p>
   </div>
   <div class='ocr_carea' id='block_1_3' title="bbox 315 699 1274 1038">
    <p class='ocr_par' dir='ltr' id='par_1_3' title="bbox 315 699 1274 868">
     <span class='ocr_line' id='line_1_3' title="bbox 315 699 1274 785; baseline 0.006 -21"><span class='ocrx_word' id='word_1_6' title='bbox 315 703 450 781; x_wconf 88' lang='lat' dir='ltr'><strong>Marcia,</strong></span> <span class='ocrx_word' id='word_1_7' title='bbox 470 720 533 761; x_wconf 93' lang='lat' dir='ltr'><strong>non</strong></span> <span class='ocrx_word' id='word_1_8' title='bbox 546 701 688 781; x_wconf 80' lang='lat' dir='ltr'>Rhenus,</span> <span class='ocrx_word' id='word_1_9' title='bbox 710 699 782 761; x_wconf 91' lang='lat' dir='ltr'><strong>salit</strong></span> <span class='ocrx_word' id='word_1_10' title='bbox 795 702 862 780; x_wconf 91' lang='lat' dir='ltr'><strong>hic,</strong></span> <span class='ocrx_word' id='word_1_11' title='bbox 884 701 1056 765; x_wconf 82' lang='lat' dir='ltr'><strong>Germane:</strong></span> <span class='ocrx_word' id='word_1_12' title='bbox 1083 702 1158 785; x_wconf 93' lang='lat' dir='ltr'><strong>quid</strong></span> <span class='ocrx_word' id='word_1_13' title='bbox 1172 708 1274 770; x_wconf 77' lang='lat' dir='ltr'><strong>obstas</strong></span> 
     </span>
     <span class='ocr_line' id='line_1_4' title="bbox 356 785 1058 868; baseline 0 -19"><span class='ocrx_word' id='word_1_14' title='bbox 356 788 399 850; x_wconf 77' lang='lat' dir='ltr'><strong>ut</strong></span> <span class='ocrx_word' id='word_1_15' title='bbox 413 804 543 868; x_wconf 89' lang='lat' dir='ltr'><strong>puerum</strong></span> <span class='ocrx_word' id='word_1_16' title='bbox 555 787 705 866; x_wconf 80' lang='lat' dir='ltr'>prohibes</span> <span class='ocrx_word' id='word_1_17' title='bbox 718 785 822 847; x_wconf 78' lang='lat' dir='ltr'><strong>dlvitis</strong></span> <span class='ocrx_word' id='word_1_18' title='bbox 835 787 935 847; x_wconf 86' lang='lat' dir='ltr'><strong>imbre</strong></span> <span class='ocrx_word' id='word_1_19' title='bbox 948 785 1058 849; x_wconf 68' lang='lat' dir='ltr'><strong>lacus?</strong></span> 
     </span>
    </p>

    <p class='ocr_par' dir='ltr' id='par_1_4' title="bbox 316 869 1047 1038">
     <span class='ocr_line' id='line_1_5' title="bbox 316 869 1047 949; baseline 0.001 -17"><span class='ocrx_word' id='word_1_20' title='bbox 316 871 469 949; x_wconf 76' lang='lat' dir='ltr'><strong>Barbare,</strong></span> <span class='ocrx_word' id='word_1_21' title='bbox 488 889 551 930; x_wconf 94' lang='lat' dir='ltr'><strong>non</strong></span> <span class='ocrx_word' id='word_1_22' title='bbox 566 869 661 931; x_wconf 90' lang='lat' dir='ltr'><strong>debet</strong></span> <span class='ocrx_word' id='word_1_23' title='bbox 674 873 815 931; x_wconf 87' lang='lat' dir='ltr'><strong>sub&#39;moto</strong></span> <span class='ocrx_word' id='word_1_24' title='bbox 831 871 897 930; x_wconf 92' lang='lat' dir='ltr'><strong>cive</strong></span> <span class='ocrx_word' id='word_1_25' title='bbox 911 872 1047 934; x_wconf 89' lang='lat' dir='ltr'><strong>ministri</strong></span> 
     </span>
     <span class='ocr_line' id='line_1_6' title="bbox 359 953 963 1038; baseline 0.003 -21"><span class='ocrx_word' id='word_1_26' title='bbox 359 956 517 1038; x_wconf 83' lang='lat' dir='ltr'><strong>Captivam</strong></span> <span class='ocrx_word' id='word_1_27' title='bbox 530 955 642 1015; x_wconf 81' lang='lat' dir='ltr'><strong>victrix</strong></span> <span class='ocrx_word' id='word_1_28' title='bbox 655 954 736 1015; x_wconf 91' lang='lat' dir='ltr'><strong>unda</strong></span> <span class='ocrx_word' id='word_1_29' title='bbox 749 953 855 1016; x_wconf 89' lang='lat' dir='ltr'><strong>levare</strong></span> <span class='ocrx_word' id='word_1_30' title='bbox 871 956 963 1019; x_wconf 81' lang='lat' dir='ltr'><strong>sitim.</strong></span> 
     </span>
    </p>
   </div>
   <div class='ocr_carea' id='block_1_4' title="bbox 697 1088 819 1152">
    <p class='ocr_par' dir='ltr' id='par_1_5' title="bbox 697 1088 819 1152">
     <span class='ocr_line' id='line_1_7' title="bbox 697 1088 819 1152; baseline 0.033 -4"><span class='ocrx_word' id='word_1_31' title='bbox 697 1088 819 1152; x_wconf 83' lang='lat' dir='ltr'>XCVII.</span> 
     </span>
    </p>
   </div>
   <div class='ocr_carea' id='block_1_5' title="bbox 316 1203 1108 1370">
    <p class='ocr_par' dir='ltr' id='par_1_6' title="bbox 316 1203 1108 1370">
     <span class='ocr_line' id='line_1_8' title="bbox 316 1203 1108 1284; baseline 0 -20"><span class='ocrx_word' id='word_1_32' title='bbox 316 1204 386 1264; x_wconf 91' lang='lat' dir='ltr'><strong>Una</strong></span> <span class='ocrx_word' id='word_1_33' title='bbox 398 1208 491 1263; x_wconf 90' lang='lat' dir='ltr'><strong>nocte</strong></span> <span class='ocrx_word' id='word_1_34' title='bbox 507 1208 617 1283; x_wconf 82' lang='lat' dir='ltr'><strong>quater</strong></span> <span class='ocrx_word' id='word_1_35' title='bbox 630 1223 768 1284; x_wconf 85' lang='lat' dir='ltr'><strong>possum:</strong></span> <span class='ocrx_word' id='word_1_36' title='bbox 790 1203 845 1269; x_wconf 88' lang='lat' dir='ltr'><strong>sed</strong></span> <span class='ocrx_word' id='word_1_37' title='bbox 862 1211 1007 1283; x_wconf 86' lang='lat' dir='ltr'><strong>quattuor</strong></span> <span class='ocrx_word' id='word_1_38' title='bbox 1021 1204 1108 1264; x_wconf 82' lang='lat' dir='ltr'><strong>annis</strong></span> 
     </span>
     <span class='ocr_line' id='line_1_9' title="bbox 358 1286 1056 1370; baseline 0.001 -22"><span class='ocrx_word' id='word_1_39' title='bbox 358 1287 393 1348; x_wconf 89' lang='lat' dir='ltr'><strong>Si</strong></span> <span class='ocrx_word' id='word_1_40' title='bbox 407 1307 548 1370; x_wconf 91' lang='lat' dir='ltr'><strong>possum,</strong></span> <span class='ocrx_word' id='word_1_41' title='bbox 568 1306 710 1369; x_wconf 86' lang='lat' dir='ltr'><strong>peream,</strong></span> <span class='ocrx_word' id='word_1_42' title='bbox 730 1293 764 1349; x_wconf 89' lang='lat' dir='ltr'><strong>te</strong></span> <span class='ocrx_word' id='word_1_43' title='bbox 779 1286 934 1350; x_wconf 88' lang='lat' dir='ltr'><strong>Telesilla</strong></span> <span class='ocrx_word' id='word_1_44' title='bbox 949 1286 1056 1349; x_wconf 88' lang='lat' dir='ltr'><strong>semel.</strong></span> 
     </span>
    </p>
   </div>
   <div class='ocr_carea' id='block_1_6' title="bbox 686 1422 822 1486">
    <p class='ocr_par' dir='ltr' id='par_1_7' title="bbox 686 1422 822 1486">
     <span class='ocr_line' id='line_1_10' title="bbox 686 1422 822 1486; baseline 0.015 -2"><span class='ocrx_word' id='word_1_45' title='bbox 686 1422 822 1486; x_wconf 78' lang='lat' dir='ltr'><strong>XCVIII.</strong></span> 
     </span>
    </p>
   </div>
   <div class='ocr_carea' id='block_1_7' title="bbox 306 1520 1098 3360">
    <p class='ocr_par' dir='ltr' id='par_1_8' title="bbox 306 1520 1098 1938">
     <span class='ocr_line' id='line_1_11' title="bbox 314 1520 970 1600; baseline 0.002 -18"><span class='ocrx_word' id='word_1_46' title='bbox 314 1520 463 1599; x_wconf 83' lang='lat' dir='ltr'><strong>Effugere</strong></span> <span class='ocrx_word' id='word_1_47' title='bbox 477 1541 539 1582; x_wconf 92' lang='lat' dir='ltr'><strong>non</strong></span> <span class='ocrx_word' id='word_1_48' title='bbox 553 1527 619 1600; x_wconf 90' lang='lat' dir='ltr'><strong>est,</strong></span> <span class='ocrx_word' id='word_1_49' title='bbox 633 1520 769 1600; x_wconf 83' lang='lat' dir='ltr'><strong>Flacca,</strong></span> <span class='ocrx_word' id='word_1_50' title='bbox 789 1521 970 1584; x_wconf 88' lang='lat' dir='ltr'><strong>basiatores.</strong></span> 
     </span>
     <span class='ocr_line' id='line_1_12' title="bbox 315 1604 1098 1687; baseline 0.005 -24"><span class='ocrx_word' id='word_1_51' title='bbox 315 1604 450 1683; x_wconf 78' lang='lat' dir='ltr'><strong>Instant,</strong></span> <span class='ocrx_word' id='word_1_52' title='bbox 471 1613 647 1686; x_wconf 87' lang='lat' dir='ltr'><strong>morantur,</strong></span> <span class='ocrx_word' id='word_1_53' title='bbox 667 1612 891 1687; x_wconf 81' lang='lat' dir='ltr'><strong>persecuntur,</strong></span> <span class='ocrx_word' id='word_1_54' title='bbox 914 1612 1098 1687; x_wconf 89' lang='lat' dir='ltr'><strong>occurrunt,</strong></span> 
     </span>
     <span class='ocr_line' id='line_1_13' title="bbox 314 1689 1083 1771; baseline 0.004 -22"><span class='ocrx_word' id='word_1_55' title='bbox 314 1689 357 1749; x_wconf 83' lang='lat' dir='ltr'><strong>Et</strong></span> <span class='ocrx_word' id='word_1_56' title='bbox 371 1690 444 1749; x_wconf 89' lang='lat' dir='ltr'><strong>hinc</strong></span> <span class='ocrx_word' id='word_1_57' title='bbox 459 1695 492 1750; x_wconf 94' lang='lat' dir='ltr'><strong>et</strong></span> <span class='ocrx_word' id='word_1_58' title='bbox 508 1689 612 1769; x_wconf 92' lang='lat' dir='ltr'><strong>illinc,</strong></span> <span class='ocrx_word' id='word_1_59' title='bbox 633 1694 870 1770; x_wconf 82' lang='lat' dir='ltr'><strong>usquequaque,</strong></span> <span class='ocrx_word' id='word_1_60' title='bbox 893 1708 1083 1771; x_wconf 89' lang='lat' dir='ltr'><strong>quacunque.</strong></span> 
     </span>
     <span class='ocr_line' id='line_1_14' title="bbox 314 1771 1049 1854; baseline 0.004 -22"><span class='ocrx_word' id='word_1_61' title='bbox 314 1772 385 1832; x_wconf 89' lang='lat' dir='ltr'><strong>Non</strong></span> <span class='ocrx_word' id='word_1_62' title='bbox 400 1771 488 1834; x_wconf 90' lang='lat' dir='ltr'><strong>ulcus</strong></span> <span class='ocrx_word' id='word_1_63' title='bbox 502 1793 573 1834; x_wconf 87' lang='lat' dir='ltr'><strong>acre</strong></span> <span class='ocrx_word' id='word_1_64' title='bbox 586 1776 765 1854; x_wconf 85' lang='lat' dir='ltr'><strong>pustulaeve</strong></span> <span class='ocrx_word' id='word_1_65' title='bbox 779 1775 937 1854; x_wconf 86' lang='lat' dir='ltr'><strong>lucentes,</strong></span> <span class='ocrx_word' id='word_1_66' title='bbox 1044 1840 1049 1849; x_wconf 60' lang='grc'><strong>,</strong></span> 
     </span>
     <span class='ocr_line' id='line_1_15' title="bbox 306 1856 996 1938; baseline 0.004 -21"><span class='ocrx_word' id='word_1_67' title='bbox 306 1856 378 1917; x_wconf 76' lang='lat' dir='ltr'><strong>=Nec</strong></span> <span class='ocrx_word' id='word_1_68' title='bbox 390 1859 482 1919; x_wconf 91' lang='lat' dir='ltr'><strong>triste</strong></span> <span class='ocrx_word' id='word_1_69' title='bbox 495 1865 632 1919; x_wconf 91' lang='lat' dir='ltr'><strong>mentum</strong></span> <span class='ocrx_word' id='word_1_70' title='bbox 646 1859 825 1938; x_wconf 82' lang='lat' dir='ltr'><strong>sordidique</strong></span> <span class='ocrx_word' id='word_1_71' title='bbox 839 1859 996 1937; x_wconf 78' lang='lat' dir='ltr'><strong>lichenes,</strong></span> 
     </span>
    </p>

    <p class='ocr_par' dir='ltr' id='par_1_9' title="bbox 315 1939 893 2022">
     <span class='ocr_line' id='line_1_16' title="bbox 315 1939 893 2022; baseline 0.003 -21"><span class='ocrx_word' id='word_1_72' title='bbox 315 1939 381 2002; x_wconf 89' lang='lat' dir='ltr'><strong>Nec</strong></span> <span class='ocrx_word' id='word_1_73' title='bbox 394 1940 481 2002; x_wconf 91' lang='lat' dir='ltr'><strong>labra</strong></span> <span class='ocrx_word' id='word_1_74' title='bbox 493 1945 600 2022; x_wconf 83' lang='lat' dir='ltr'><strong>pIngui</strong></span> <span class='ocrx_word' id='word_1_75' title='bbox 617 1941 756 2004; x_wconf 85' lang='lat' dir='ltr'><strong>delibuta</strong></span> <span class='ocrx_word' id='word_1_76' title='bbox 771 1949 893 2020; x_wconf 89' lang='lat' dir='ltr'><strong>cerato,</strong></span> 
     </span>
    </p>

    <p class='ocr_par' dir='ltr' id='par_1_10' title="bbox 315 2026 904 2106">
     <span class='ocr_line' id='line_1_17' title="bbox 315 2026 904 2106; baseline -0.003 -20"><span class='ocrx_word' id='word_1_77' title='bbox 315 2026 382 2086; x_wconf 89' lang='lat' dir='ltr'><strong>Nec</strong></span> <span class='ocrx_word' id='word_1_78' title='bbox 398 2026 552 2105; x_wconf 82' lang='lat' dir='ltr'><strong>congelati</strong></span> <span class='ocrx_word' id='word_1_79' title='bbox 566 2033 652 2105; x_wconf 82' lang='lat' dir='ltr'><strong>gutta</strong></span> <span class='ocrx_word' id='word_1_80' title='bbox 665 2026 809 2106; x_wconf 90' lang='lat' dir='ltr'><strong>proderit</strong></span> <span class='ocrx_word' id='word_1_81' title='bbox 822 2027 904 2086; x_wconf 87' lang='lat' dir='ltr'><strong>nasi:</strong></span> 
     </span>
    </p>

    <p class='ocr_par' dir='ltr' id='par_1_11' title="bbox 316 2107 932 2188">
     <span class='ocr_line' id='line_1_18' title="bbox 316 2107 932 2188; baseline -0.005 -17"><span class='ocrx_word' id='word_1_82' title='bbox 316 2110 358 2171; x_wconf 81' lang='lat' dir='ltr'><strong>Et</strong></span> <span class='ocrx_word' id='word_1_83' title='bbox 372 2115 562 2171; x_wconf 79' lang='lat' dir='ltr'><strong>aestuantem</strong></span> <span class='ocrx_word' id='word_1_84' title='bbox 578 2112 698 2171; x_wconf 87' lang='lat' dir='ltr'><strong>basiant</strong></span> <span class='ocrx_word' id='word_1_85' title='bbox 713 2116 746 2170; x_wconf 92' lang='lat' dir='ltr'><strong>et</strong></span> <span class='ocrx_word' id='word_1_86' title='bbox 761 2107 932 2188; x_wconf 85' lang='lat' dir='ltr'><strong>algentem,</strong></span> 
     </span>
    </p>

    <p class='ocr_par' dir='ltr' id='par_1_12' title="bbox 316 2193 879 2275">
     <span class='ocr_line' id='line_1_19' title="bbox 316 2193 879 2275; baseline -0.002 -20"><span class='ocrx_word' id='word_1_87' title='bbox 316 2194 358 2255; x_wconf 83' lang='lat' dir='ltr'><strong>Et</strong></span> <span class='ocrx_word' id='word_1_88' title='bbox 372 2193 510 2275; x_wconf 89' lang='lat' dir='ltr'><strong>nuptiale</strong></span> <span class='ocrx_word' id='word_1_89' title='bbox 524 2195 642 2256; x_wconf 91' lang='lat' dir='ltr'><strong>basium</strong></span> <span class='ocrx_word' id='word_1_90' title='bbox 659 2200 879 2254; x_wconf 86' lang='lat' dir='ltr'><strong>reservantem.</strong></span> 
     </span>
    </p>

    <p class='ocr_par' dir='ltr' id='par_1_13' title="bbox 306 2276 1016 2443">
     <span class='ocr_line' id='line_1_20' title="bbox 306 2276 971 2357; baseline -0.003 -19"><span class='ocrx_word' id='word_1_91' title='bbox 306 2278 385 2338; x_wconf 80' lang='grc' dir='ltr'>ιΝοιι</span> <span class='ocrx_word' id='word_1_92' title='bbox 398 2284 431 2339; x_wconf 89' lang='lat' dir='ltr'><strong>te</strong></span> <span class='ocrx_word' id='word_1_93' title='bbox 446 2276 576 2339; x_wconf 82' lang='lat' dir='ltr'><strong>cucullis</strong></span> <span class='ocrx_word' id='word_1_94' title='bbox 595 2284 715 2339; x_wconf 88' lang='lat' dir='ltr'><strong>asseret</strong></span> <span class='ocrx_word' id='word_1_95' title='bbox 729 2284 820 2357; x_wconf 90' lang='lat' dir='ltr'><strong>caput</strong></span> <span class='ocrx_word' id='word_1_96' title='bbox 835 2280 971 2355; x_wconf 90' lang='lat' dir='ltr'><strong>tectum,</strong></span> 
     </span>
     <span class='ocr_line' id='line_1_21' title="bbox 316 2359 1016 2443; baseline -0.001 -21"><span class='ocrx_word' id='word_1_97' title='bbox 316 2362 443 2422; x_wconf 90' lang='lat' dir='ltr'><strong>Lectica</strong></span> <span class='ocrx_word' id='word_1_98' title='bbox 458 2380 516 2423; x_wconf 93' lang='lat' dir='ltr'><strong>nec</strong></span> <span class='ocrx_word' id='word_1_99' title='bbox 530 2368 564 2423; x_wconf 89' lang='lat' dir='ltr'><strong>te</strong></span> <span class='ocrx_word' id='word_1_100' title='bbox 578 2368 645 2424; x_wconf 90' lang='lat' dir='ltr'><strong>tuta</strong></span> <span class='ocrx_word' id='word_1_101' title='bbox 657 2360 742 2443; x_wconf 87' lang='lat' dir='ltr'><strong>pelle</strong></span> <span class='ocrx_word' id='word_1_102' title='bbox 755 2359 907 2441; x_wconf 88' lang='lat' dir='ltr'><strong>veloque,</strong></span> <span class='ocrx_word' id='word_1_103' title='bbox 977 2428 980 2439; x_wconf 35' lang='lat'>¹</span> <span class='ocrx_word' id='word_1_104' title='bbox 1007 2402 1016 2409; x_wconf 88' lang='lat'><em>-</em></span> 
     </span>
    </p>

    <p class='ocr_par' dir='ltr' id='par_1_14' title="bbox 316 2444 909 2526">
     <span class='ocr_line' id='line_1_22' title="bbox 316 2444 909 2526; baseline -0.007 -19"><span class='ocrx_word' id='word_1_105' title='bbox 316 2446 345 2507; x_wconf 90' lang='lat' dir='ltr'>N</span> <span class='ocrx_word' id='word_1_106' title='bbox 347 2464 383 2506; x_wconf 91' lang='lat' dir='ltr'><strong>ec</strong></span> <span class='ocrx_word' id='word_1_107' title='bbox 397 2444 565 2508; x_wconf 78' lang='lat' dir='ltr'><strong>vindicabit</strong></span> <span class='ocrx_word' id='word_1_108' title='bbox 580 2444 658 2507; x_wconf 86' lang='lat' dir='ltr'><strong>sella</strong></span> <span class='ocrx_word' id='word_1_109' title='bbox 672 2446 793 2526; x_wconf 84' lang='lat' dir='ltr'><strong>saepius</strong></span> <span class='ocrx_word' id='word_1_110' title='bbox 809 2445 909 2506; x_wconf 84' lang='lat' dir='ltr'><strong>clusa:</strong></span> 
     </span>
    </p>

    <p class='ocr_par' dir='ltr' id='par_1_15' title="bbox 315 2530 916 2612">
     <span class='ocr_line' id='line_1_23' title="bbox 315 2530 916 2612; baseline 0 -21"><span class='ocrx_word' id='word_1_111' title='bbox 315 2530 420 2591; x_wconf 85' lang='lat' dir='ltr'><strong>Rimas</strong></span> <span class='ocrx_word' id='word_1_112' title='bbox 434 2549 492 2612; x_wconf 86' lang='lat' dir='ltr'><strong>per</strong></span> <span class='ocrx_word' id='word_1_113' title='bbox 508 2549 614 2591; x_wconf 87' lang='lat' dir='ltr'><strong>omnes</strong></span> <span class='ocrx_word' id='word_1_114' title='bbox 627 2532 763 2592; x_wconf 85' lang='lat' dir='ltr'><strong>basiator</strong></span> <span class='ocrx_word' id='word_1_115' title='bbox 776 2530 916 2591; x_wconf 84' lang='lat' dir='ltr'><strong>intrabit.</strong></span> 
     </span>
    </p>

    <p class='ocr_par' dir='ltr' id='par_1_16' title="bbox 306 2613 951 2779">
     <span class='ocr_line' id='line_1_24' title="bbox 315 2613 951 2695; baseline -0.003 -21"><span class='ocrx_word' id='word_1_116' title='bbox 315 2614 385 2674; x_wconf 91' lang='lat' dir='ltr'><strong>Non</strong></span> <span class='ocrx_word' id='word_1_117' title='bbox 401 2613 578 2675; x_wconf 85' lang='lat' dir='ltr'><strong>consulatus</strong></span> <span class='ocrx_word' id='word_1_118' title='bbox 592 2616 678 2695; x_wconf 85' lang='lat' dir='ltr'><strong>ipse,</strong></span> <span class='ocrx_word' id='word_1_119' title='bbox 700 2634 762 2675; x_wconf 95' lang='lat' dir='ltr'><strong>non</strong></span> <span class='ocrx_word' id='word_1_120' title='bbox 776 2614 951 2674; x_wconf 87' lang='lat' dir='ltr'><strong>tribunatus</strong></span> 
     </span>
     <span class='ocr_line' id='line_1_25' title="bbox 306 2697 929 2779; baseline -0.003 -20"><span class='ocrx_word' id='word_1_121' title='bbox 306 2698 429 2760; x_wconf 86' lang='lat' dir='ltr'><strong>·Senive</strong></span> <span class='ocrx_word' id='word_1_122' title='bbox 443 2699 562 2778; x_wconf 86' lang='lat' dir='ltr'><strong>fasces,</strong></span> <span class='ocrx_word' id='word_1_123' title='bbox 581 2717 641 2759; x_wconf 91' lang='lat' dir='ltr'><strong>nec</strong></span> <span class='ocrx_word' id='word_1_124' title='bbox 655 2699 788 2779; x_wconf 87' lang='lat' dir='ltr'><strong>superba</strong></span> <span class='ocrx_word' id='word_1_125' title='bbox 802 2697 929 2758; x_wconf 89' lang='lat' dir='ltr'><strong>clamosi</strong></span> 
     </span>
    </p>

    <p class='ocr_par' dir='ltr' id='par_1_17' title="bbox 315 2782 875 2862">
     <span class='ocr_line' id='line_1_26' title="bbox 315 2782 875 2862; baseline 0.002 -18"><span class='ocrx_word' id='word_1_126' title='bbox 315 2782 451 2844; x_wconf 88' lang='lat' dir='ltr'><strong>Lictoris</strong></span> <span class='ocrx_word' id='word_1_127' title='bbox 466 2785 569 2862; x_wconf 83' lang='lat' dir='ltr'><strong>abiget</strong></span> <span class='ocrx_word' id='word_1_128' title='bbox 581 2785 666 2860; x_wconf 84' lang='lat' dir='ltr'><strong>virga</strong></span> <span class='ocrx_word' id='word_1_129' title='bbox 680 2784 875 2845; x_wconf 85' lang='lat' dir='ltr'><strong>basiatorem.</strong></span> 
     </span>
    </p>

    <p class='ocr_par' dir='ltr' id='par_1_18' title="bbox 317 2863 855 2928">
     <span class='ocr_line' id='line_1_27' title="bbox 317 2863 855 2928; baseline -0.004 0"><span class='ocrx_word' id='word_1_130' title='bbox 317 2865 434 2928; x_wconf 87' lang='lat' dir='ltr'><strong>Sedeas</strong></span> <span class='ocrx_word' id='word_1_131' title='bbox 447 2868 479 2927; x_wconf 92' lang='lat' dir='ltr'><strong>in</strong></span> <span class='ocrx_word' id='word_1_132' title='bbox 495 2865 556 2927; x_wconf 86' lang='lat' dir='ltr'><strong>alto</strong></span> <span class='ocrx_word' id='word_1_133' title='bbox 569 2874 604 2928; x_wconf 92' lang='lat' dir='ltr'><strong>tu</strong></span> <span class='ocrx_word' id='word_1_134' title='bbox 617 2866 693 2927; x_wconf 90' lang='lat' dir='ltr'><strong>licet</strong></span> <span class='ocrx_word' id='word_1_135' title='bbox 706 2863 855 2927; x_wconf 89' lang='lat' dir='ltr'><strong>tribunali</strong></span> 
     </span>
    </p>

    <p class='ocr_par' dir='ltr' id='par_1_19' title="bbox 316 2949 893 3029">
     <span class='ocr_line' id='line_1_28' title="bbox 316 2949 893 3029; baseline -0.01 -15"><span class='ocrx_word' id='word_1_136' title='bbox 316 2951 392 3014; x_wconf 76' lang='lat' dir='ltr'><strong>lite</strong></span> <span class='ocrx_word' id='word_1_137' title='bbox 411 2950 511 3012; x_wconf 79' lang='lat' dir='ltr'><strong>curuli</strong></span> <span class='ocrx_word' id='word_1_138' title='bbox 525 2952 592 3011; x_wconf 90' lang='lat' dir='ltr'><strong>iura</strong></span> <span class='ocrx_word' id='word_1_139' title='bbox 604 2952 748 3029; x_wconf 84' lang='lat' dir='ltr'><strong>gentibus</strong></span> <span class='ocrx_word' id='word_1_140' title='bbox 762 2949 893 3029; x_wconf 82' lang='lat' dir='ltr'><strong>reddas,</strong></span> 
     </span>
    </p>

    <p class='ocr_par' dir='ltr' id='par_1_20' title="bbox 306 3032 907 3195">
     <span class='ocr_line' id='line_1_29' title="bbox 316 3032 887 3112; baseline -0.007 -16"><span class='ocrx_word' id='word_1_141' title='bbox 316 3034 476 3096; x_wconf 84' lang='lat' dir='ltr'><strong>Ascendet</strong></span> <span class='ocrx_word' id='word_1_142' title='bbox 489 3034 543 3095; x_wconf 90' lang='lat' dir='ltr'><strong>illa</strong></span> <span class='ocrx_word' id='word_1_143' title='bbox 557 3037 692 3097; x_wconf 89' lang='lat' dir='ltr'><strong>basiator</strong></span> <span class='ocrx_word' id='word_1_144' title='bbox 707 3040 799 3112; x_wconf 89' lang='lat' dir='ltr'><strong>atque</strong></span> <span class='ocrx_word' id='word_1_145' title='bbox 812 3032 887 3112; x_wconf 92' lang='lat' dir='ltr'><strong>illa,</strong></span> 
     </span>
     <span class='ocr_line' id='line_1_30' title="bbox 306 3118 907 3195; baseline -0.007 -14"><span class='ocrx_word' id='word_1_146' title='bbox 306 3118 557 3181; x_wconf 76' lang='lat' dir='ltr'><strong>vll&#39;ebricitantem</strong></span> <span class='ocrx_word' id='word_1_147' title='bbox 571 3119 702 3180; x_wconf 88' lang='lat' dir='ltr'><strong>basiabit</strong></span> <span class='ocrx_word' id='word_1_148' title='bbox 716 3123 750 3178; x_wconf 90' lang='lat' dir='ltr'><strong>et</strong></span> <span class='ocrx_word' id='word_1_149' title='bbox 763 3118 907 3195; x_wconf 87' lang='lat' dir='ltr'><strong>flentem,</strong></span> 
     </span>
    </p>

    <p class='ocr_par' dir='ltr' id='par_1_21' title="bbox 317 3202 914 3286">
     <span class='ocr_line' id='line_1_31' title="bbox 317 3202 914 3286; baseline -0.012 -20"><span class='ocrx_word' id='word_1_150' title='bbox 317 3205 411 3266; x_wconf 82' lang='lat' dir='ltr'><strong>Dabit</strong></span> <span class='ocrx_word' id='word_1_151' title='bbox 426 3205 570 3286; x_wconf 87' lang='lat' dir='ltr'><strong>oscitanti</strong></span> <span class='ocrx_word' id='word_1_152' title='bbox 582 3204 699 3265; x_wconf 91' lang='lat' dir='ltr'><strong>basium</strong></span> <span class='ocrx_word' id='word_1_153' title='bbox 714 3202 914 3281; x_wconf 85' lang='lat' dir='ltr'><strong>nutantique,</strong></span> 
     </span>
    </p>

    <p class='ocr_par' dir='ltr' id='par_1_22' title="bbox 317 3279 1089 3360">
     <span class='ocr_line' id='line_1_32' title="bbox 317 3279 1089 3360; baseline -0.009 -11"><span class='ocrx_word' id='word_1_154' title='bbox 317 3289 411 3350; x_wconf 83' lang='lat' dir='ltr'><strong>Dabit</strong></span> <span class='ocrx_word' id='word_1_155' title='bbox 425 3295 458 3349; x_wconf 88' lang='lat' dir='ltr'><strong>ct</strong></span> <span class='ocrx_word' id='word_1_156' title='bbox 471 3289 597 3348; x_wconf 89' lang='lat' dir='ltr'><strong>cacanti.</strong></span> <span class='ocrx_word' id='word_1_157' title='bbox 626 3285 807 3346; x_wconf 84' lang='lat' dir='ltr'><strong>Remedium</strong></span> <span class='ocrx_word' id='word_1_158' title='bbox 822 3283 894 3345; x_wconf 92' lang='lat' dir='ltr'><strong>mali</strong></span> <span class='ocrx_word' id='word_1_159' title='bbox 909 3279 1008 3345; x_wconf 89' lang='lat' dir='ltr'><strong>solum</strong></span> <span class='ocrx_word' id='word_1_160' title='bbox 1023 3287 1089 3360; x_wconf 87' lang='lat' dir='ltr'><strong>est,</strong></span> 
     </span>
    </p>
   </div>
   <div class='ocr_carea' id='block_1_8' title="bbox 316 3358 962 3450">
    <p class='ocr_par' dir='ltr' id='par_1_23' title="bbox 316 3358 962 3450">
     <span class='ocr_line' id='line_1_33' title="bbox 316 3358 962 3450; baseline -0.009 -15"><span class='ocrx_word' id='word_1_161' title='bbox 316 3373 427 3435; x_wconf 83' lang='lat' dir='ltr'><strong>Facias</strong></span> <span class='ocrx_word' id='word_1_162' title='bbox 441 3374 570 3435; x_wconf 84' lang='lat' dir='ltr'><strong>amicum</strong></span> <span class='ocrx_word' id='word_1_163' title='bbox 584 3373 705 3434; x_wconf 85' lang='lat' dir='ltr'><strong>basiare</strong></span> <span class='ocrx_word' id='word_1_164' title='bbox 720 3389 812 3450; x_wconf 88' lang='lat' dir='ltr'><strong>quem</strong></span> <span class='ocrx_word' id='word_1_165' title='bbox 825 3358 915 3434; x_wconf 89' lang='lat' dir='ltr'><strong>nolis.</strong></span> <span class='ocrx_word' id='word_1_166' title='bbox 930 3439 932 3442; x_wconf 6' lang='grc' dir='ltr'><em>Α</em></span> <span class='ocrx_word' id='word_1_167' title='bbox 951 3387 962 3405; x_wconf 77' lang='grc'><em>·</em></span> 
     </span>
    </p>
   </div>
   <div class='ocr_carea' id='block_1_9' title="bbox 702 3504 809 3566">
    <p class='ocr_par' dir='ltr' id='par_1_24' title="bbox 702 3504 809 3566">
     <span class='ocr_line' id='line_1_34' title="bbox 702 3504 809 3566; baseline 0.019 -2"><span class='ocrx_word' id='word_1_168' title='bbox 702 3504 809 3566; x_wconf 84' lang='lat' dir='ltr'><strong>XCIX.</strong></span> 
     </span>
    </p>
   </div>
   <div class='ocr_carea' id='block_1_10' title="bbox 318 3613 1211 3783">
    <p class='ocr_par' dir='ltr' id='par_1_25' title="bbox 318 3613 1211 3783">
     <span class='ocr_line' id='line_1_35' title="bbox 318 3613 1211 3698; baseline -0.002 -20"><span class='ocrx_word' id='word_1_169' title='bbox 318 3620 366 3678; x_wconf 90' lang='lat' dir='ltr'><strong>De</strong></span> <span class='ocrx_word' id='word_1_170' title='bbox 380 3616 528 3678; x_wconf 89' lang='lat' dir='ltr'><strong>cathedra</strong></span> <span class='ocrx_word' id='word_1_171' title='bbox 543 3619 686 3698; x_wconf 88' lang='lat' dir='ltr'><strong>quotiens</strong></span> <span class='ocrx_word' id='word_1_172' title='bbox 701 3619 801 3696; x_wconf 84' lang='lat' dir='ltr'><strong>surgis</strong></span> <span class='ocrx_word' id='word_1_173' title='bbox 815 3652 859 3665; x_wconf 88' lang='lat'>-</span> <span class='ocrx_word' id='word_1_174' title='bbox 872 3617 932 3678; x_wconf 88' lang='lat' dir='ltr'><strong>iam</strong></span> <span class='ocrx_word' id='word_1_175' title='bbox 945 3634 1039 3698; x_wconf 82' lang='lat' dir='ltr'><strong>saepe</strong></span> <span class='ocrx_word' id='word_1_176' title='bbox 1053 3613 1157 3677; x_wconf 87' lang='lat' dir='ltr'><strong>notavi</strong></span> <span class='ocrx_word' id='word_1_177' title='bbox 1170 3646 1211 3658; x_wconf 84' lang='lat'><strong>···</strong></span> 
     </span>
     <span class='ocr_line' id='line_1_36' title="bbox 362 3701 1041 3783; baseline 0.007 -21"><span class='ocrx_word' id='word_1_178' title='bbox 362 3701 531 3763; x_wconf 88' lang='lat' dir='ltr'><strong>Paedicant</strong></span> <span class='ocrx_word' id='word_1_179' title='bbox 544 3703 692 3783; x_wconf 84' lang='lat' dir='ltr'><strong>miserae,</strong></span> <span class='ocrx_word' id='word_1_180' title='bbox 713 3702 843 3783; x_wconf 87' lang='lat' dir='ltr'><strong>Lesbia,</strong></span> <span class='ocrx_word' id='word_1_181' title='bbox 861 3707 894 3765; x_wconf 80' lang='lat' dir='ltr'><strong>te</strong></span> <span class='ocrx_word' id='word_1_182' title='bbox 907 3701 1041 3767; x_wconf 74' lang='lat' dir='ltr'><strong>tancre.</strong></span> 
     </span>
    </p>
   </div>
   <div class='ocr_carea' id='block_1_11' title="bbox 0 0 1638 4409">
    <p class='ocr_par' dir='ltr' id='par_1_26' title="bbox 0 0 1638 4409">
     <span class='ocr_line' id='line_1_37' title="bbox 0 0 1638 4409; baseline 0 0"><span class='ocrx_word' id='word_1_183' title='bbox 0 0 1638 4409; x_wconf 95' lang='lat' dir='ltr'><strong> </strong></span> 
     </span>
    </p>
   </div>
  </div>
 </body>
</html>
