3267 4409
538 446 877 545 urrannmmnron
890 448 963 511 mn.
979 447 1031 513 ιν.
1078 520 1081 529 ,
1174 435 1181 441 “
1265 451 1305 514 95
1375 454 1382 463 ·

731 649 851 712 XLVII.

364 766 522 826 Encaustus
537 764 700 823 Phaethon
714 762 817 823 tabula
832 766 890 825 tibi
905 765 1005 845 pictus
1019 767 1052 826 111
1066 769 1124 826 hac
1139 774 1194 829 est.

364 941 366 945 ,
396 849 476 926 Quid
487 849 546 909 tibi
558 849 620 927 vis,
642 844 784 928 dipyrum
800 850 853 927 qni
866 850 1062 911 Phaethonta
1074 851 1173 911 facis?

723 965 855 1047 xnvm.

361 1094 476 1157 Percidi
490 1092 621 1175 gaudes,
642 1095 798 1175 perclsus,
816 1094 942 1176 Papile,
964 1095 1078 1177 ploras.
1180 1134 1192 1141 -

394 1181 472 1258 Cur,
496 1198 575 1259 qnae
590 1180 634 1240 vis
647 1180 733 1259 fieri,
754 1179 878 1260 Papile,
899 1181 980 1240 lacta
996 1181 1104 1242 dales?

361 1265 499 1325 Paenitet
515 1266 668 1336 obscenae
681 1265 872 1343 pruriginis?
895 1285 933 1324 an
947 1267 1042 1343 magis
1058 1265 1136 1326 illud

392 1348 485 1429 Fles,
508 1348 592 1428 quod
605 1347 742 1430 persidi,
763 1347 892 1428 Papile,
914 1349 1069 1410 desieris?

737 1482 842 1545 XLIX.
961 1528 964 1533 ψ

355 1600 475 1678 Nescit,
498 1598 594 1660 crede
608 1599 699 1678 mihi,
722 1599 796 1678 quid
810 1601 873 1660 siut
889 1602 1120 1681 epigrammata,
1137 1599 1265 1679 Flacco,

392 1687 452 1763 Qui
465 1690 587 1745 tautum
600 1683 686 1744 lusus
700 1686 759 1744 ista
771 1687 918 1764 iocosque
933 1692 1029 1746 vacat.

354 1769 406 1831 llle
421 1771 518 1848 magis
532 1768 628 1848 ludit,
650 1770 702 1848 qui
716 1769 826 1829 scribit
838 1769 967 1849 prandia
981 1770 1064 1829 saevi

393 1855 535 1932 Tereos,
556 1860 608 1913 aut
622 1872 745 1930 cenam,
767 1853 863 1912 crude
879 1854 1031 1932 Thyesta,
1057 1859 1154 1932 tuam,

337 1939 414 1999 cnut
428 1957 528 2019 puero
543 1936 675 2015 liquidas
690 1943 846 2017 aptantem
859 1937 1017 1997 Daedalon
1032 1935 1112 2016 alas,
1134 2008 1137 2013 .

390 2024 578 2084 Pascentem
593 2022 710 2082 Siculas
725 2028 776 2081 aut
789 2021 1002 2102 Polyphemon
1019 2039 1100 2081 aves.

352 2107 507 2167 Anastris
522 2105 632 2186 procul
648 2114 697 2167 est
711 2107 809 2165 amnis
825 2109 927 2166 vesIca
939 2103 1073 2184 libellis,

392 2192 484 2252 Musa
497 2208 557 2250 nec
571 2191 678 2251 insana
693 2196 827 2271 syrmate
840 2197 946 2250 nostra
959 2195 1066 2250 tumet.

352 2274 431 2355 „Illa
444 2281 549 2336 tamen
561 2272 688 2335 landant
703 2294 825 2353 omnes,
847 2275 1014 2352 mirantur,
1036 2271 1197 2338 adarnnt.“

314 2370 346 2422 la
392 2360 572 2422 Confiteor:
592 2357 720 2420 laudant
733 2358 807 2438 illa,
831 2359 887 2420 sed
900 2360 959 2420 iste
972 2360 1088 2437 legunt.

768 2493 802 2555 L.

352 2605 436 2683 Quid
448 2625 517 2687 me,
539 2607 638 2686 Thai,
660 2582 765 2687 aeirem
780 2605 911 2667 subinde
927 2606 1025 2668 dicis?

351 2691 449 2751 Nema
465 2696 530 2771 est,
552 2690 649 2771 Thai,
671 2711 766 2753 senex
780 2691 820 2752 ad
834 2691 1053 2753 irrumandum.

764 2841 812 2903 Ll.

353 2952 433 3014 tum
446 2953 506 3013 tibi
520 2973 582 3012 non
597 2952 702 3014 essent
716 2973 770 3014 sex
783 2953 882 3032 milia,
898 2953 1098 3032 caeciliane,

393 3037 519 3114 Ingenti
532 3037 597 3097 late
611 3044 716 3098 vectus
732 3057 765 3098 es
779 3039 974 3117 hexaph0r03

351 3119 522 3200 Postquam
536 3123 584 3181 bis
600 3120 726 3183 deciens
740 3124 851 3182 tribuit
867 3122 926 3182 dea
942 3140 1032 3182 caeca
1046 3122 1207 3200 sinumque

393 3205 562 3285 Ruperunt
576 3208 708 3285 nummi,
729 3206 829 3267 factus
846 3225 896 3282 es,
919 3223 1008 3283 ecce,
1029 3204 1137 3285 pedes.

331 3287 439 3365 51111111
451 3290 511 3350 tibi
526 3309 583 3369 pro
598 3291 718 3351 meritis
732 3297 766 3350 et
778 3290 873 3350 tantis
885 3286 1029 3349 laudibus
1044 3287 1170 3370 optem?

393 3373 435 3433 Di
448 3372 584 3434 reddant
599 3373 722 3454 sellam,
744 3373 938 3452 caeciliane,
959 3373 1026 3434 tibi.

762 3508 825 3571 LII.
855 3496 858 3500 ¹

355 3620 482 3682 Gestari
495 3622 610 3681 iunctis
625 3621 686 3681 nisi
701 3619 834 3699 desinis,
856 3617 999 3699 Hedyle,
1022 3619 1139 3697 capris,

397 3707 459 3784 Qui
473 3705 566 3769 moda
578 3707 654 3766 ficus
672 3723 757 3785 eras,
779 3706 840 3767 iam
856 3705 1018 3787 caprificus
1032 3704 1104 3764 cris.
