3267 4409
494 915 506 926 ,
600 809 1059 909 multominus

513 1003 1143 1150 llllblllllllll

654 1277 657 1289 ‚
724 1204 883 1264 nunna
907 1205 931 1264 r.

437 1320 545 1438 Spero
560 1374 608 1415 me
625 1362 763 1416 secutum
776 1357 808 1415 in
820 1354 937 1416 libellis
952 1356 1028 1414 meis
1043 1354 1106 1416 tale
1121 1364 1346 1438 temperamen-

347 1448 431 1518 tum,
460 1442 509 1501 ut'
522 1439 561 1499 de
587 1438 652 1499 illis
678 1441 769 1518 ¹queri
791 1459 853 1499 nou
870 1441 969 1520 possit
989 1442 1127 1518 quisquis
1148 1442 1187 1502 de
1209 1461 1243 1503 se
1264 1445 1345 1504 bene

349 1527 504 1603 senserit,
532 1544 599 1584 cum
620 1523 701 1583 salva
719 1525 890 1583 infimarum
909 1542 1030 1603 quoque
1044 1543 1243 1604 personarum
1258 1546 1346 1588 reve-

349 1610 454 1670 rentia
473 1606 599 1682 ludaut3
626 1605 703 1686 quae
725 1607 801 1666 adeo
823 1608 956 1685 antiquis
977 1610 1151 1668 auctoribus
1173 1609 1288 1689 defuit,
1312 1620 1347 1671 ut

330 1693 527 1755 onominibns
545 1712 608 1751 non
626 1698 744 1752 tantum
763 1691 845 1750 veris
867 1693 951 1751 abusi
972 1693 1050 1767 sint,
1083 1692 1139 1752 sed
1164 1699 1197 1752 et
1219 1697 1343 1772 magnis,

351 1777 433 1836 Mihi
453 1777 534 1837 lama
549 1774 639 1836 vilius
663 1782 784 1836 constet
806 1782 840 1835 et
859 1777 1010 1854 probetur
1030 1777 1063 1833 in
1082 1795 1130 1835 me
1151 1778 1347 1837 novissimum

352 1861 518 1938 ingenium.
559 1861 651 1919 Absit
677 1879 694 1917 a
713 1861 850 1919 iocorum
871 1865 1045 1918 nostrorum
1066 1857 1262 1939 simplicitate
1284 1881 1347 1920 ma-

353 1943 453 2022 lignus
472 1945 629 2023 interpres
649 1960 707 2003 nec
729 1945 946 2022 epigrammata
963 1961 1030 2001 mea
1044 1943 1168 2005 scribat.
1203 1944 1345 2022 Improbe

354 2027 429 2087 lacit
440 2029 492 2106 qui
503 2028 536 2087 in
548 2026 647 2087 alieno
658 2026 739 2087 libro
750 2027 926 2105 ingeniosus
938 2032 996 2088 est.
1015 2025 1171 2085 Lascivam
1182 2028 1345 2086 verborum

322 2113 532 2189 macritatem,
552 2109 587 2170 id
608 2117 656 2170 est
674 2111 914 2189 epigrammaton
933 2108 1081 2186 lingnam,
1104 2127 1297 2189 excusarem,
1320 2111 1346 2170 si

355 2214 454 2255 meum
467 2200 552 2255 esset
572 2185 760 2275 egemplum:
788 2195 957 2254 sic-scribit
972 2192 1130 2281 Catullus,
1154 2194 1198 2252 sic
1212 2193 1346 2272 Marsus,

304 2330 308 2350 ,
356 2279 399 2338 sic
416 2279 520 2357 Pedo,
545 2279 590 2338 sic
610 2276 804 2355 Gaetulicus,
838 2279 882 2337 sic
903 2279 1076 2356 quicunque
1094 2276 1277 2358 perlegitur.
1314 2278 1347 2337 Si

358 2364 423 2439 quis
441 2369 545 2422 tamen
565 2367 627 2422 tam
647 2363 807 2421 ambitiose
828 2362 928 2422 tristis
947 2368 1011 2438 est,
1046 2370 1081 2420 ut
1106 2361 1186 2441 apud
1206 2359 1293 2421 illum
1313 2363 1347 2421 in

357 2445 437 2507 nulla
448 2447 560 2526 pagina
572 2444 668 2507 latine
682 2443 769 2525 loqui
781 2446 828 2505 fas
843 2445 900 2521 sit,
920 2451 1025 2524 potest
1040 2444 1172 2526 epistola
1181 2443 1236 2504 uel
1245 2447 1348 2524 potius

326 2529 444 2589 lotitulo
458 2535 623 2589 contentus
643 2548 722 2589 esse.
757 2530 985 2609 Epigrammata
998 2528 1061 2589 illis
1074 2530 1267 2605 scribuntur,
1295 2530 1348 2608 qui

360 2611 459 2673 solent
489 2619 632 2694 spectare
661 2611 814 2676 Florales.
861 2613 930 2672 Non
962 2614 1162 2687 intretcato
1192 2613 1347 2672 theatrum

359 2715 470 2774 meum,
499 2702 551 2757 aut
568 2698 595 2756 si
607 2697 783 2775 intraverit,
807 2701 937 2776 spectet.
969 2697 1088 2759 Videor
1108 2697 1184 2757 mihi
1197 2715 1265 2755 meo
1280 2698 1347 2756 iure

359 2780 509 2860 facturus,
532 2782 560 2840 si
574 2779 736 2861 epistolam
751 2782 891 2840 versibus
907 2779 1044 2841 clusero:
1132 2810 1135 2815 Δ
1220 2854 1225 2868 s

397 2931 510 2990 Nosses
523 2931 646 2990 iocosae
662 2928 753 2990 dulce
768 2950 836 2989 cum
851 2950 969 2990 sacrum
983 2929 1096 2991 Florae
1212 3001 1217 3008 ἱ

397 3016 571 3093 Festosque
584 3011 670 3074 lusus
683 3020 716 3074 et
728 3012 886 3074 licentiam
901 3013 1001 3092 volgi,
1040 3060 1043 3066 .

400 3099 463 3158 (lur
475 3099 506 3158 in
521 3099 693 3176 theatrum,
716 3098 792 3158 Cato
808 3116 933 3175 severe,
954 3098 1089 3157 venisti?
1114 3133 1120 3141 -

399 3183 446 3241 An
456 3180 528 3243 ideo
541 3188 660 3242 tautum
670 3199 815 3259 veneras,
837 3187 871 3241 nt
885 3182 1010 3242 exires?

817 3316 840 3377 l.

482 3429 541 3487 llic
556 3434 606 3488 est
620 3446 710 3507 quern
723 3427 803 3506 legis
816 3425 890 3505 ille,
913 3445 1004 3506 quem
1015 3427 1165 3506 requiris,

483 3512 565 3572 Toto
578 3518 669 3572 notus
682 3515 715 3572 in
729 3514 805 3571 orbe
819 3509 973 3572 Martialis
1071 3582 1078 3595 ⁶

483 3597 608 3674 Argutis
623 3599 862 3676 epigrammaton
877 3593 1007 3655 libellis:
