3267 4409
494 447 922 546 uruuuummuuouum.
938 485 989 547 vu.
1200 486 1259 552 131

299 682 300 715 3
334 636 426 697 Versus
439 635 580 695 scrihere
597 636 649 714 qui
663 614 769 716 potest
784 635 935 714 disertos,

299 724 300 759 ³
335 720 507 798 conscribat,
529 719 658 809 Laberi:
681 720 779 779 virum
792 722 917 800 putabo.

711 868 779 932 XV.

334 982 391 1044 hun
403 984 617 1045 Phaethontea
629 983 759 1045 formica
771 990 898 1063 uagatur
911 985 944 1044 in
958 986 1083 1067 umbra,

299 1062 301 1113 ἕ
362 1067 502 1150 Inplicuit
520 1073 645 1129 tenuem
660 1069 764 1128 sucina
779 1075 865 1147 gutta
878 1069 985 1130 feram.

335 1148 370 1212 Sic
380 1152 460 1213 nodo
477 1170 557 1232 quae
571 1152 675 1213 luerat
689 1154 751 1212 uita
766 1158 943 1233 contempta
956 1158 1116 1234 manente,

362 1236 523 1298 Funeribus
537 1236 620 1297 factu
637 1243 684 1297 est
700 1256 781 1296 nunc
795 1239 933 1318 pretiosa
945 1239 1018 1312 suls.

597 1444 599 1449 -
704 1401 785 1463 XVI.

337 1509 370 1570 Tu
383 1514 428 1592 qui
442 1533 524 1596 pene
539 1515 622 1575 viros
637 1518 740 1574 terres
755 1519 788 1572 ct
800 1511 882 1574 falce
898 1506 1060 1592 cinaedos}

363 1595 453 1675 Iugera
469 1599 599 1680 sepositi
612 1618 708 1679 pauca
721 1602 811 1658 tuere
826 1596 895 1657 soli.

338 1676 373 1738 su
383 1690 429 1741 tua
441 1702 504 1742 non
518 1676 638 1742 intrent
650 1679 749 1742 vetuli
762 1683 900 1761 pomaria
915 1681 1019 1758 fures,

365 1763 415 1827 Sed
426 1785 505 1850 puer
519 1773 552 1828 et
564 1764 667 1846 longis
680 1765 812 1847 pulchra
825 1763 930 1847 puella
944 1767 1046 1827 comis.

697 1915 791 1977 XVII.

340 2023 455 2107 Cianum,
477 2028 643 2108 cinnamo,
664 2033 697 2088 te
713 2030 801 2088 iubes
815 2027 927 2088 vocari.

338 2106 519 2191 Nunechio,
540 2131 633 2192 rogo,
656 2114 771 2190 Cinna,
793 2109 1022 2172 barbarismus?

339 2189 371 2253 lu
382 2198 405 2256 ui
416 2197 528 2257 Furius
544 2203 616 2257 ante
634 2195 737 2256 dictus
752 2215 853 2274 esses,

321 2292 324 2301 ·
338 2272 381 2338 Iur
393 2281 447 2342 ista
460 2282 582 2342 ratione
601 2279 762 2341 dicereris.

688 2443 796 2508 XVIII.
878 2491 882 2500 .

338 2547 424 2615 Sancta
436 2552 577 2616 Salonini
591 2557 686 2616 terris
700 2557 871 2634 requiescit
883 2554 1011 2616 Hiberis

364 2636 419 2714 Qua
430 2639 542 2701 melior
559 2640 680 2720 Stygius
694 2660 757 2700 non
774 2640 860 2701 videt
874 2641 981 2699 umbra
997 2637 1113 2699 domos.

337 2715 379 2780 Sei
389 2722 494 2803 lugere
507 2724 611 2784 nefas:
633 2744 704 2784 nam
717 2725 768 2802 qui
783 2730 816 2785 te
826 2752 847 2802 ,-
857 2725 982 2802 Prisce,
1002 2723 1148 2804 reliqum,

363 2805 434 2869 Viuit
447 2828 507 2889 qua
520 2807 618 2870 voluit
634 2810 738 2869 vivere
754 2815 845 2889 parte
856 2809 960 2886 magis.

707 2954 788 3016 XIX.

333 3064 383 3128 Non
400 3067 437 3131 dc
453 3072 484 3131 vi
497 3088 601 3150 neque
616 3069 728 3148 coede,
748 3088 808 3129 neo
824 3088 962 3148 ueneno,

332 3147 378 3212 Sed
390 3153 427 3215 Iis
444 3160 492 3216 est
507 3156 583 3214 mihi
599 3154 639 3215 de
654 3157 754 3214 tribus
769 3153 909 3235 capellis.

331 3232 413 3299 liciui
430 3259 545 3319 queror
559 3240 615 3300 has
631 3241 739 3299 abesse
754 3238 849 3299 furto.

331 3314 381 3381 Iloc
394 3322 484 3385 iudex
499 3322 708 3403 sibipostulat
723 3324 866 3401 probari:

318 3400 369 3465 uua
383 3407 498 3468 caunas
512 3407 823 3487 Mithridaticumque
836 3403 955 3467 bellum

329 3486 360 3548 ht
367 3494 499 3571 periuria
508 3493 623 3552 'Punici
636 3493 753 3551 furoris

328 3569 359 3634 ut
370 3575 463 3637 Sullas
479 3577 659 3656 Mariosque
675 3575 859 3652 Muciosque

299 3680 301 3685 ’
329 3654 423 3739 llugua
435 3679 511 3722 voce
526 3680 616 3721 sonas
631 3677 784 3736 manuque
799 3662 874 3718 tota.

329 3737 376 3805 Ian
388 3744 453 3827 dio,
474 3746 638 3825 Postume,
653 3744 693 3805 de
708 3744 808 3804 tribus
827 3737 964 3822 capellis.
1016 3821 1066 3888 9*
