3267 4409
723 465 848 515 SATIRA
869 468 893 516 1.

298 609 379 687 lpse,
403 605 570 665 lacernatae
590 621 676 682 quum
697 623 731 666 se
751 608 874 667 iactaret
895 607 1018 668 amicae!

297 691 403 756 Nonne
427 690 497 749 libet
515 688 611 748 medio
633 706 718 748 ceras
740 691 864 769 implere
885 709 1011 769 capaces
1079 723 1082 729 ·

298 774 477 850 Quadrivio,
501 791 586 851 quum
604 774 660 833 iam
685 784 768 834 sexta
790 776 908 835 cervice
929 777 1055 852 feratur,

297 861 374 920 Hine
395 867 482 936 atque
497 856 568 916 inde
590 866 693 934 patens
715 875 750 918 ao
772 859 848 919 nuda
869 877 964 938 paene
988 860 1126 921 cathedra

298 944 337 1004 Et
358 943 476 1002 multum
495 941 630 1001 referens
653 942 689 1001 de
711 942 891 1015 Maecenate,
906 945 1029 1023 supino,

299 1029 439 1104 Signator
460 1025 553 1100 falso,
578 1027 627 1102 qui
650 1044 684 1085 se
706 1027 814 1087 lautum
837 1037 924 1106 atque
946 1028 1082 1089 beatum'

298 1112 420 1187 Exiguis
442 1110 546 1169 tabulis
568 1119 598 1168 et
617 1127 730 1186 gemma
750 1112 863 1171 fecerat
882 1109 960 1173 udal

299 1195 433 1255 Occurrit
452 1203 581 1252 matrona
604 1203 728 1271 potens,
753 1213 828 1272 quae
848 1196 938 1257 molle
962 1194 1101 1257 Calenum

298 1280 472 1341 Porrectura
493 1279 557 1336 viro
576 1281 679 1337 miscet
700 1280 815 1338 sitiente
835 1279 982 1355 rubetam,

297 1363 480 1441 instituitque
503 1361 591 1420 rudes
609 1362 715 1421 melior
734 1361 859 1423 Lucusta
881 1366 1076 1442 propinquas.

297 1448 355 1508 Per
376 1446 479 1505 famam
501 1455 530 1504 et
553 1446 690 1523 populum
712 1440 814 1523 nigros
837 1447 944 1508 efferre
963 1450 1092 1508 maritos.

298 1531 384 1591 Ande
406 1529 512 1607 aliquid
535 1529 673 1589 brevibus
699 1529 801 1605 Gyaris
825 1541 854 1592 et
876 1550 996 1592 carcere
1018 1532 1151 1609 dignum,

297 1617 330 1676 Si
349 1616 394 1674 vis
417 1631 483 1673 esse
506 1612 630 1691 aliquid:
655 1614 786 1692 probitas
809 1614 941 1676 laudatur
958 1626 988 1676 et
1009 1617 1101 1693 alget,

298 1696 472 1759 Criminibus
495 1697 602 1757 debent
622 1698 740 1774 hortos,
763 1702 926 1778 praetoria,
949 1718 1092 1775 mensas,

297 1785 458 1859 Argentum
478 1791 562 1841 vetus
584 1792 613 1842 et
634 1791 757 1842 stantem
777 1793 861 1844 extra
883 1786 990 1864 pocula
1011 1802 1138 1863 caprum.

297 1868 391 1941 Quem
414 1867 519 1944 patitur
541 1866 667 1926 dormire
688 1885 776 1926 nurus
800 1879 955 1946 corruptor
976 1886 1097 1942 avarae,

298 1952 392 2025 Quem
415 1967 541 2029 sponsae
564 1959 665 2028 turpes
688 1959 717 2010 et
735 1961 934 2032 praetextatus
958 1948 1092 2013 adulteri

298 2038 330 2096 Si
352 2043 451 2094 natura
474 2042 577 2111 negat,
599 2035 669 2094 lacit
689 2035 848 2110 indignatio
871 2054 1001 2111 versum,

298 2118 537 2195 Qualemounque
560 2126 676 2196 potest,
700 2119 802 2197 quales
826 2136 883 2196 ego
904 2120 953 2179 vel
976 2118 1141 2179 Cluuienus.

362 2201 408 2262 Ex
430 2220 487 2280 quo
510 2202 672 2261 Deucalion
684 2201 794 2262 nimbis
813 2203 984 2263 tollentibus
1002 2220 1114 2279 aequor

297 2285 422 2363 Navigio
445 2295 570 2345 montem
593 2285 723 2346 ascendit
742 2295 899 2365 sortesque
921 2289 1074 2367 poposcit,

298 2371 496 2448 Paulatimque
518 2373 610 2430 anima
633 2371 782 2432 caluerunt
802 2372 901 2432 mollia
924 2390 1011 2446 saxa,

298 2455 338 2516 Et
360 2454 485 2514 maribus
507 2455 597 2514 nudas
619 2455 745 2514 ostendit
767 2455 878 2532 Pyrrha
900 2457 1025 2535 puellas,

299 2539 445 2617 Quidquid
458 2549 550 2616 ,agunt
566 2538 713 2615 homines,
729 2550 845 2615 votum,
861 2542 961 2616 timor,
979 2542 1037 2616 ira,
1053 2540 1206 2619 voluptas,
1251 2548 1284 2600 85

299 2623 424 2697 Gaudia,
449 2623 615 2700 discursus,
637 2626 729 2683 nostri
750 2626 869 2702 farrago
891 2625 984 2684 libelli
1006 2632 1061 2684 est.

298 2706 337 2768 Et
360 2707 473 2785 quando
496 2707 615 2766 uberior
636 2711 770 2768 vitiorum
793 2705 901 2786 copia?
923 2710 1036 2788 quando

298 2791 392 2852 Maior
415 2793 551 2865 avaritiae
573 2793 664 2868 patuit
684 2789 784 2851 sinus?
807 2793 872 2852 alea
894 2792 1008 2870 quaudo

298 2876 360 2936 llos
380 2873 511 2935 animos?
532 2878 726 2953 neque-enim
748 2875 854 2935 loculis
876 2875 1078 2936 comitantibus
1100 2876 1156 2934 itur

298 2959 346 3020 Ad
370 2978 468 3019 casum
489 2959 620 3032 tabulae,
641 2961 736 3036 posita
758 2960 811 3019 sed
832 2959 940 3019 luditur
961 2977 1039 3020 arca.
1255 2966 1289 3018 90

299 3043 416 3105 Proelia
438 3053 543 3122 quanta
561 3043 624 3102 illio
643 3043 848 3120 dispensatore
870 3042 984 3102 videbis
1067 3088 1071 3093 .

298 3128 471 3205 Armigeroi
494 3127 656 3207 simplexne
675 3126 758 3187 furor
780 3128 916 3187 sestertia
939 3134 1054 3187 eentum

299 3213 429 3273 Perdere
452 3222 481 3272 et
499 3212 629 3272 horrenti
651 3213 776 3272 tunicam
798 3227 857 3270 non
877 3211 1003 3271 reddere
1025 3206 1135 3268 servo?

300 3297 373 3370 Quis
396 3296 514 3356 totidem
538 3297 632 3356 erexit
653 3297 755 3371 villas,
778 3297 843 3373 quis
862 3294 975 3355 fercula
996 3296 1110 3372 septem

301 3382 426 3441 Secreto
449 3383 583 3442 coenavit
601 3377 703 3441 arusi-
715 3397 791 3440 nuno
811 3380 941 3458 sportula
955 3379 1055 3457 primo
1255 3383 1288 3437 Θῆ

299 3465 408 3524 Limine
431 3483 521 3543 parva
542 3465 643 3541 sedet,
666 3464 769 3524 turbae
788 3463 928 3542 rapienda
948 3471 1083 3539 togatae:

299 3549 355 3610 llle
377 3558 474 3609 tamen
496 3550 601 3609 faciem
622 3551 702 3629 prius
723 3550 840 3628 inspicit
859 3557 892 3608 et
912 3547 1054 3625 trepidat,
1077 3564 1114 3605 ne

302 3635 479 3712 suppositus
499 3636 600 3694 venias
623 3652 658 3694 ao
676 3633 752 3694 lalso
770 3634 885 3693 nomine
905 3649 1024 3711 poscas.

302 3717 425 3798 Agnitus
447 3721 590 3799 aecipies;
613 3718 693 3778 iubet
714 3736 731 3778 a
753 3735 901 3797 praecone
924 3716 1024 3776 vocari
1047 3776 1090 3859 Ψ
1203 3790 1206 3799 Ι
