3267 4409
567 433 908 498 EPIGRAMMATON
921 435 996 499 LlB.
1010 436 1032 504 1.

361 583 479 649 Procul
493 583 640 645 horridus
653 584 807 645 Liburnus
824 590 857 646 et
871 585 1018 666 querulus
1034 584 1147 666 cliens,

405 670 540 750 lmlreria
552 667 710 728 viduarum
723 668 848 748 prucu13

321 754 434 819 &Nau
447 756 573 832 rumpet
587 749 682 812 altum
696 750 830 831 pallidus
847 771 986 813 somnum
999 771 1089 832 reus,

406 835 471 897 Sed
483 853 574 896 mane
588 841 688 896 totum
702 834 847 897 dormies.

361 921 529 983 Mereatur
543 917 753 998 aliusgrande
768 926 801 980 et
813 920 953 980 insanum
970 920 1099 1002 sophos:

405 1004 564 1065 Miserere
578 1009 613 1064 tu
626 1002 766 1064 felicium
1104 1082 1107 1087 Ι

361 1088 513 1167 Veroque
527 1088 635 1148 fruere
649 1107 712 1146 non
727 1089 879 1167 superbus
893 1086 1018 1168 gaudio,

321 1180 355 1235 40
403 1173 483 1232 Dum
498 1172 580 1232 Sura
589 1169 732 1232 laudatur
746 1175 826 1234 tuus.

360 1255 433 1318 Nun
448 1255 649 1337 impudenter
662 1256 724 1315 vita
739 1254 823 1334 quod
836 1254 965 1316 relicum
981 1261 1030 1316 est
1042 1258 1139 1338 petit,

404 1339 484 1401 Cum
496 1340 577 1400 fama
592 1337 674 1418 quud
687 1340 762 1399 satis
781 1345 831 1400 est
844 1340 946 1400 habet.

780 1472 806 1532 L

363 1585 397 1645 Si
410 1584 471 1644 tibi
483 1579 643 1662 Mistyllos
658 1601 767 1662 cucur,
789 1581 978 1663 Aemiliane,
998 1592 1139 1665 vocatur,
1244 1590 1248 1595 '

406 1668 535 1728 Dicatur
550 1684 644 1747 quare
659 1685 722 1727 uon
741 1665 897 1729 Taratalla
910 1667 1008 1728 mihil

778 1799 828 1861 LI.

363 1913 432 1973 Non
445 1912 522 1973 lacit
538 1909 578 1972 ad
592 1929 698 1971 saevos
713 1912 832 1990 cervix,
846 1913 906 1972 nisi
920 1912 1033 1993 prima,
1047 1913 1164 1978 leones.

405 1995 487 2072 Quid
501 1995 582 2074 fugis
596 1995 653 2055 has
669 1993 795 2075 dentes,
814 1997 975 2057 ambitiose
987 1996 1101 2079 lepus?

364 2078 492 2140 Scilicet
508 2100 525 2139 a
539 2079 655 2157 magnis
670 2078 709 2138 ad
721 2085 755 2140 te
770 2077 962 2140 descendere
979 2084 1075 2142 tauris

402 2164 446 2225 nt
459 2177 538 2243 quae
551 2182 615 2222 non
628 2169 759 2223 cernunt
772 2163 918 2242 frangere
932 2161 1011 2225 colla
1024 2164 1112 2229 velis.

347 2245 566 2327 5Desperanda
581 2246 639 2307 tibi
654 2252 702 2306 est
715 2248 851 2326 ingentis
866 2244 966 2326 gloria
979 2249 1052 2310 fatie

404 2332 473 2392 Non
487 2336 578 2411 puter
595 2330 655 2390 hoc
669 2332 772 2392 tenuis
785 2330 902 2412 pracda
916 2332 972 2392 sub
987 2333 1078 2394 haste
1093 2336 1181 2400 mori.

771 2463 833 2525 LII.

366 2572 553 2637 commendo
566 2575 641 2654 tibi,
663 2577 846 2656 Quintiano,
866 2584 990 2640 nostros
1008 2614 1051 2629 —

364 2658 493 2720 Nostros
509 2658 616 2719 dicere
634 2660 662 2720 ri
676 2666 780 2721 tamen
792 2659 921 2722 libellos

364 2742 507 2821 Passum,
528 2762 603 2825 quos
616 2745 729 2806 recitat
744 2750 814 2805 tuus
828 2751 921 2826 poeta
933 2768 991 2807 -ε

365 2825 451 2887 Side
469 2827 596 2887 servitio
614 2829 698 2907 gravi
714 2835 901 2908 queruntur,

347 2912 513 2972 5dssertar
526 2911 631 2972 venias
645 2913 781 2992 satisque
794 2920 951 2994 praestes,

364 2994 418 3072 iit,
440 3013 509 3055 cum
524 3012 558 3054 se
574 2993 728 3056 dominum
744 2997 949 3077 moabitide,

365 3077 453 3137 Dicas
466 3096 537 3138 esse
550 3097 636 3140 meos
644 3080 800 3161 'manuque
815 3083 934 3144 missos.

364 3160 429 3222 lloc
444 3163 471 3222 si
488 3166 600 3241 terque
617 3170 788 3244 quaterque
803 3163 986 3246 clamitatis,

365 3244 504 3326 Inpones
517 3244 668 3327 plagiario
682 3247 843 3330 pudorem.

758 3397 833 3459 Llll.

365 3506 430 3581 Una
444 3514 493 3568 cst
508 3509 541 3568 in
555 3510 670 3568 nostris
684 3516 753 3588 tua,
774 3510 958 3588 Fidentine,
978 3510 1097 3574 libellis
1126 3540 1130 3545 ·
1215 3556 1220 3570 r

365 3589 491 3670 Pagina,
511 3592 569 3653 sed
583 3599 669 3653 certa
683 3591 798 3654 damini
811 3597 930 3674 signata
943 3597 1058 3675 ligura,

366 3674 446 3752 Quae
460 3682 513 3738 tua
525 3675 662 3738 traducit
675 3678 838 3739 manifesta
853 3681 987 3741 carmina
1000 3680 1093 3744 furto.

1279 396 1362 501 aa
