3267 4409
411 412 416 419 ι

327 532 367 596 78
409 547 411 551 ’
592 572 595 581 ·
620 586 624 603 ,
646 530 691 593 Μ.
708 529 801 594 VAL.
817 528 1044 593 MARTIALIS

759 729 921 795 LXXVIII.

409 844 551 907 Minxisti
565 849 711 904 currente
726 842 841 921 semel,
859 841 1005 921 Pauline,
1027 842 1140 911 carius.
1240 880 1244 891 ι

451 930 574 992 Meiere
588 929 634 988 vis
648 928 789 988 iterum?
803 930 864 988 iam
878 927 1041 988 Palinurus
1056 929 1129 988 cris.
1209 930 1213 937 '

776 1061 911 1124 LXXIX.

408 1179 486 1238 Rem
500 1176 621 1257 peragit
634 1171 750 1234 nnllam
765 1174 941 1252 Sertorius,
961 1173 1088 1234 Inchoat
1104 1192 1221 1238 omues.

451 1263 541 1322 Hunc
559 1279 632 1339 ego,
654 1278 723 1318 curn
739 1259 850 1336 futuit,
870 1278 933 1318 non
946 1262 1021 1339 puta
1035 1259 1200 1340 perficere.

787 1393 909 1456 LXXX.

410 1509 456 1568 De
470 1506 557 1568 nullo
572 1507 728 1588 loqueris,
751 1505 829 1567 nulli
844 1504 1020 1583 maledicis,
1040 1506 1149 1585 Apici:

451 1593 566 1653 Rumor
581 1594 624 1654 ait
639 1592 763 1672 linguae
778 1597 810 1651 te
824 1599 927 1652 tamen
942 1608 1011 1650 esse
1026 1589 1135 1652 malac.

780 1725 916 1788 LXXXI.

411 1839 492 1918 Quid
507 1861 574 1901 cum
587 1841 724 1901 femineo
739 1840 813 1918 tibi,
832 1840 959 1900 Baetice
975 1837 1080 1917 Galle,
1100 1841 1247 1902 barathro

451 1927 537 1985 llaec
553 1925 646 1986 debet
659 1925 778 1985 medios
792 1923 930 1992 lambere
944 1923 1050 2002 lingna
1062 1925 1155 1986 viras.

412 2011 557 2070 Abscissa
571 2017 619 2070 est
634 2028 729 2090 quare
746 2009 848 2088 Samip
863 2010 920 2068 tibi
933 2007 1070 2068 mentula
1084 2014 1184 2088 testa,

453 2095 486 2154 Si
501 2095 559 2154 tibi
573 2101 635 2154 tam
649 2100 772 2172 gratus,
793 2093 938 2171 Baetice,
961 2112 1077 2169 cunnus
1094 2095 1185 2175 erat?

388 2177 614 2239 ecastr-andum
629 2185 719 2258 capnt
735 2183 798 2238 est:
820 2197 890 2237 nam
905 2179 947 2238 sis
962 2177 1039 2237 licet
1052 2178 1179 2255 Iugulae
1195 2175 1249 2239 Gal

452 2264 547 2323 Sacra
558 2270 661 2323 tamen
680 2261 815 2343 Cybeles
831 2259 965 2342 decipis:
987 2279 1043 2321 cre
1057 2262 1105 2322 vir
1122 2280 1166 2324 es.

711 2459 715 2467 .
763 2376 918 2472 ''nxxxn

411 2523 544 2583 Conviva
558 2524 696 2603 quisquis
708 2523 789 2584 Zoili
804 2530 909 2604 potest
924 2544 1009 2605 esse,
1040 2588 1044 2595 ,

411 2607 661 2668 Summoenianas
676 2613 768 2668 cenet
782 2610 868 2668 inter
882 2629 994 2670 uxores

411 2692 567 2771 Curtaque
581 2691 687 2752 Ledae
701 2694 823 2753 sobrius
838 2695 922 2755 bibat
936 2700 1032 2754 testa:

410 2775 479 2834 Hac
494 2793 563 2835 esse
578 2775 677 2836 levius
692 2778 861 2857 pariusque
871 2776 1033 2841 '‘contendi.

387 2859 495 2919 blacet
509 2867 657 2940 occupato
672 2859 844 2939 galbinatus
858 2865 890 2923 in
903 2862 986 2924 lecto
1045 2850 1060 2873 ⁸

358 2970 360 2977 ·
411 2944 594 3023 Cubitisque
610 2944 709 3004 trudit
723 2947 796 3007 hinc
811 2952 844 3006 et
857 2946 931 3008 inde
947 2943 1087 3009 considas

410 3027 545 3088 Effultus
561 3036 646 3088 ostro
661 3029 839 3108 Sericisque
853 3030 1001 3112 pulvillis.

410 3112 479 3172 Stat
494 3112 633 3174 exoletus
648 3116 847 3194 suggeritque
862 3117 996 3176 ructanti

410 3197 524 3258 Pinnas
539 3200 687 3258 rubentes
703 3198 909 3279 cuspidesque
925 3198 1065 3277 lentisci,

369 3283 451 3344 lolli
467 3283 619 3343 aestuanti
634 3287 729 3343 tenue
743 3283 874 3343 ventilat
886 3285 985 3361 frigus

410 3365 526 3445 Supina
540 3367 664 3446 prasina
680 3369 850 3427 cancubIna
864 3365 1008 3442 flabelln;

408 3449 570 3528 Fugatque
585 3470 704 3510 muscas
719 3455 839 3529 myrtea
852 3468 931 3529 puer
944 3452 1039 3529 virga.

409 3533 572 3593 Percurrit
585 3533 657 3612 agili
672 3552 784 3613 corpus
799 3539 866 3592 arte
880 3536 1042 3594 tractatrix

410 3616 597 3695 Manumque
612 3616 734 3676 doctam
748 3617 865 3696 spargit
881 3619 1019 3678 omnibus
1037 3620 1201 3696 membris;

325 3738 328 3745 ·
368 3700 503 3778 ranigiai
519 3703 674 3779 crepantis
688 3701 773 3778 signa
787 3701 872 3761 novit
887 3703 1060 3781 eunuchus,

409 3787 451 3845 nt
464 3781 616 3844 delicatae
631 3784 805 3846 sciscitator
820 3787 928 3848 urinae
