3267 4409
704 374 911 424 PRAEFATIO.
1244 382 1294 431 vn

317 519 492 576 hlommsenius
508 519 581 575 lnscr.
593 517 624 573 tt.
635 519 733 591 Neapol.
752 535 776 575 n.
787 521 857 577 tort
870 519 958 587 edidit,
976 536 1034 577 cum
1048 523 1188 581 necessariis
1197 526 1293 597 supple-

317 606 408 660 mentis
418 605 478 659 haeo
488 605 559 660 verha
568 611 638 659 sunt:

681 687 776 752 cerelil.
794 686 921 744 stcuvtt

660 772 683 828 d.
698 771 802 827 iuNlVS.
819 770 979 827 lvaNttls
1089 820 1094 837 ,

596 855 664 911 tlilh.
676 855 748 912 COH.
760 873 777 913 r.
794 855 1006 911 nhttltlnttvtt

626 940 656 997 ll.
667 940 726 996 VIR.
739 940 844 1005 QVINQ.
856 938 979 995 FtAMfflt

670 1023 933 1080 nitidissimum

637 1106 730 1163 vovtl
745 1107 955 1179 DEDlGdVithE

661 1189 720 1246 SVA
880 1190 939 1247 PEC

313 1273 358 1329 uhi
369 1278 435 1328 recte
445 1273 535 1328 turdum
547 1272 627 1344 agnita
638 1280 675 1329 est
686 1275 869 1343 llclenaCcres
881 1291 953 1351 quam
963 1276 992 1331 ah
1000 1275 1155 1348 dquInatihus
1164 1276 1290 1346 peculiari·

312 1364 353 1412 ter
363 1357 453 1412 otdtam
466 1357 642 1413 osselnvenalis
653 1357 749 1415 SatlIL
758 1364 811 1419 320
822 1365 934 1421 testatur:
948 1359 1069 1415 hominem
1081 1367 1160 1417 autam
1174 1375 1205 1415 nc
1216 1361 1289 1416 alium

312 1447 447 1511 acpoetam
457 1446 566 1496 nommant
576 1455 629 1497 esse
638 1457 785 1511 censeamus,
793 1450 816 1498 et
827 1443 930 1499 nominis
935 1451 959 1499 et
969 1445 1084 1515 temporis
1090 1445 1254 1501 convenientia
1264 1451 1289 1499 et

311 1526 367 1596 ipsa
377 1525 486 1580 militaris
497 1526 602 1581 muneris
613 1528 728 1583 memoria
737 1527 836 1593 suadet,
853 1543 981 1599 quantuor
992 1535 1029 1583 est
1039 1545 1082 1584 cur
1091 1529 1159 1584 illam
1175 1529 1288 1585 reducem

311 1610 378 1664 inter
387 1608 471 1664 titulos
480 1624 538 1664 suos
548 1624 701 1666 consecrasse
710 1626 829 1683 negemus
835 1628 843 1677 ;
854 1612 919 1683 quod
928 1613 949 1667 si
958 1612 1017 1668 illud
1027 1613 1078 1667 erui
1085 1619 1172 1684 potest,
1184 1613 1225 1667 uhi
1233 1613 1289 1667 ltel-

310 1699 433 1748 matrum
443 1693 483 1748 illa
490 1691 584 1761 cohors,
595 1695 663 1750 cuius
673 1695 820 1751 tribunatum
831 1696 935 1768 gessisse
943 1696 1039 1768 legitur,
1052 1696 1168 1752 luvenalis
1182 1703 1288 1767 temporo

309 1777 443 1832 stationem
452 1777 575 1840 hahuerit,
591 1779 629 1834 vol
644 1781 742 1835 militiae
751 1780 789 1835 vel
797 1780 863 1835 exilii
872 1780 943 1835 huius
954 1781 1023 1835 locus
1033 1787 1101 1835 extra
1112 1795 1209 1835 omnam
1220 1779 1288 1835 duhi·

309 1856 434 1917 tationem'
444 1860 537 1933 positus
553 1860 607 1917 erit.
634 1863 706 1934 Atqui
715 1863 878 1919 Delmatarum
894 1863 1019 1919 cohortem
1034 1865 1136 1933 primam
1153 1863 1288 1919 Britanniae

310 1945 423 1999 tribuunt
432 1945 574 2015 diplomata,
586 1959 647 2018 quae
658 1947 729 2003 docte
739 1948 840 2002 illustrat
851 1946 959 2002 llcnmen
969 1948 994 2001 in
1004 1946 1100 2003 lahrhh.
1113 1947 1129 2003 i.
1141 1946 1241 2003 Alterth.
1253 1945 1288 2000 im

309 2027 409 2084 Rheinl.
422 2032 490 2086 1848
500 2029 527 2084 t.
541 2029 610 2095 lllll,
626 2045 651 2101 p.
662 2034 696 2088 87
706 2073 713 2096 ,
724 2030 841 2100 imprimis
856 2030 988 2086 secundum
1000 2029 1162 2096 cardinalem,
1183 2029 1288 2101 hiplomi

310 2111 430 2184 imphriali
443 2110 470 2168 ‘di
486 2114 596 2186 privilegi
618 2115 738 2170 accordati
759 2115 782 2168 ai
799 2114 910 2181 militari,
926 2112 1007 2171 Velitr.
1026 2115 1093 2171 1835
1109 2120 1126 2170 t.
1144 2113 1202 2179 Xll,
1223 2114 1287 2169 uude

308 2212 366 2253 eam
383 2211 405 2251 a.
417 2200 466 2255 too
477 2212 501 2269 p.
514 2197 570 2254 Chr.
582 2198 631 2253 illio
646 2199 777 2253 tetendisse
792 2198 962 2269 intelligimus;
981 2197 1092 2269 idemque
1107 2199 1167 2253 scite
1183 2198 1287 2254 ostendit

310 2280 419 2337 eiiusdem
430 2282 566 2350 promiscue
576 2288 601 2336 et
611 2283 746 2352 praetactos
761 2288 786 2359 et
796 2281 905 2337 tribunos
915 2295 1041 2353 apparere,
1052 2282 1116 2337 unde
1125 2297 1157 2337 ne
1166 2281 1224 2337 illud
1235 2281 1287 2352 qui·

308 2365 371 2421 dem
381 2379 426 2419 nos
439 2365 535 2419 turbare
546 2366 647 2435 poterit,
665 2366 729 2437 quod
741 2365 912 2421 Mommsenius
928 2366 958 2421 de
966 2365 1101 2421 tribunatus
1111 2372 1167 2431 nota
1178 2367 1201 2420 in
1214 2365 1286 2421 titulo

310 2447 463 2504 luvenaliano
474 2449 576 2520 ambigit
585 2468 592 2512 ;
610 2465 659 2505 uuo
670 2451 745 2522 igitur
756 2451 852 2522 primae
862 2449 968 2505 cohortis
984 2464 1083 2504 numero
1102 2456 1157 2505 ante
1167 2448 1287 2505 licimcto·

309 2549 365 2589 areu
373 2532 477 2598 inserto,
489 2533 530 2604 qui
541 2533 565 2587 in
576 2533 689 2589 italorum
701 2535 845 2607 apographis
856 2534 926 2595 facile
935 2534 1029 2606 negligi
1037 2539 1144 2604 poterat,
1155 2534 1203 2589 hm
1214 2534 1286 2589 etiam

308 2615 515 2673 monumentalem
531 2615 603 2673 tidem
618 2618 683 2673 nacti
707 2635 806 2687 sumus,
825 2633 957 2691 quaquam
973 2624 1052 2673 cetera
1070 2618 1213 2681 testimonia,
1226 2633 1286 2689 quae

308 2698 433 2755 Scoticam
445 2698 566 2762 luvenalis,
580 2702 631 2756 mil'
644 2704 649 2715 '
664 2716 690 2755 m
706 2708 908 2766 commemorant,
929 2707 982 2757 tum
1001 2701 1111 2756 scholion
1129 2700 1286 2757 Bodleianum

309 2783 341 2838 ah
353 2780 547 2847 (idolulditllero
559 2786 622 2854 prim
655 2785 746 2840 iditum
757 2786 934 2841 confirmemus.
963 2785 1025 2840 Nam
1037 2791 1065 2839 ut
1075 2784 1123 2839 hoo
1132 2783 1230 2855 reliquis
1241 2800 1284 2853 po·

308 2868 360 2923 tius
379 2866 523 2934 habeamus,
539 2868 598 2923 illud
608 2868 696 2933 efficit,
716 2870 780 2941 quod
796 2870 837 2924 alii
852 2868 949 2925 Scotino
963 2874 1038 2923 tostos
1055 2874 1168 2939 tyrcano,
1180 2868 1221 2938 qui
1237 2868 1287 2923 illic

307 2951 457 3022 appellatur,
472 2949 602 3006 Traiarocm
611 2952 797 3017 substituemnt,
814 2953 927 3007 nimirum
938 2951 993 3023 quia
1005 2950 1091 3005 satirae
1101 2951 1216 3020 septimae
1224 2957 1286 3005 tem-

308 3051 369 3106 pus,
380 3034 420 3090 oui
430 3050 495 3089 nuuc
505 3035 595 3090 Paridis
604 3036 681 3091 irrisio
692 3036 779 3089 inserta
791 3043 841 3105 ast,
855 3051 911 3090 cum
922 3035 972 3105 ipsa
983 3034 1054 3088 huius
1064 3033 1179 3089 irrisionis
1191 3035 1285 3106 origine

308 3117 483 3181 ooniudcmnt;
502 3119 566 3191 quod
581 3135 613 3174 no
628 3120 681 3191 quis
698 3127 780 3175 vetere
790 3120 839 3175 fide
852 3121 941 3175 factum
952 3118 1083 3185 existimet,
1096 3117 1174 3172 eidem
1185 3118 1284 3173 Traiano

307 3201 418 3258 Paridem
430 3203 603 3272 pantomimum
613 3204 686 3259 tribui
702 3204 823 3269 advertat;
835 3204 908 3259 immo
918 3217 949 3257 ne
959 3201 1050 3257 bellum
1061 3201 1156 3273 quidem
1172 3202 1217 3257 suh
1228 3202 1285 3257 Tra·

307 3287 364 3344 iano
376 3286 402 3341 iu
412 3285 509 3341 Scotiae
519 3287 606 3342 finibus
617 3294 715 3360 gestum
725 3288 848 3351 novimum
865 3286 929 3360 quod
939 3286 960 3341 si
976 3292 1090 3357 tyrannus
1100 3285 1148 3349 ille,
1163 3300 1236 3356 quum
1246 3285 1285 3340 lu·

307 3369 417 3426 renden
423 3371 570 3443 mageima
586 3371 668 3427 milids
684 3379 767 3428 coldra
777 3369 860 3429 Socios
876 3372 978 3435 faceret,
995 3369 1044 3425 hoc
1062 3369 1189 3425 struendae
1203 3368 1286 3424 monh

307 3468 382 3509 causa
394 3454 480 3509 secisse
489 3454 590 3519 dicitur,
606 3462 633 3511 ct
642 3455 676 3511 ihi
685 3455 865 3527 interficeretur,
880 3455 954 3510 etiam
964 3454 1010 3509 hac
1018 3452 1152 3509 narratione
1162 3454 1192 3509 ad
1202 3452 1286 3509 homi·

307 3537 369 3595 ciani
380 3543 489 3607 tempora
499 3540 650 3606 remittimur,
661 3555 709 3611 quo
719 3540 852 3610 imperante
862 3538 975 3611 Agricola
985 3554 1006 3593 a.
1017 3539 1052 3596 ot
1067 3552 1093 3607 p.
1105 3536 1162 3593 Chr.
1174 3537 1204 3594 ad
1215 3552 1285 3593 mon·

307 3629 361 3678 tem
373 3619 512 3693 Grampium
528 3638 584 3680 oum
594 3625 787 3694 septentrionalis
801 3623 936 3691 Britanniae
946 3621 1041 3693 populis
1061 3621 1147 3677 acriter
1162 3620 1285 3684 conflixit;

307 3704 454 3767 swano
464 3706 540 3765 Tacit
550 3707 634 3782 agno.
646 3710 738 3780 pith
756 3708 836 3765 Unum
845 3712 920 3765 restat
930 3705 997 3781 quod
1003 3719 1037 3762 no
1044 3704 1089 3761 ilio
1097 3705 1298 3779 eudemum-
