3267 4409
264 582 266 588 Ι
327 493 390 560 aaa
646 494 691 556 u
707 493 797 558 vsu.
813 492 1039 556 manemus
1076 562 1080 567 ,

791 622 900 708 lxix.

412 745 508 821 Quam
523 744 597 803 mihi
612 745 755 804 mittebas
770 743 895 803 Saturni
908 750 1050 824 tempore
1064 741 1204 822 lancem,
1273 738 1279 749 '

452 828 568 889 Misisti
586 827 741 905 dominae,
764 827 950 905 Sextiliane,
972 836 1060 902 tuae;

410 912 453 972 Et
468 931 556 990 quam
571 910 704 970 donabas
720 911 810 971 dictis
826 932 843 970 a
856 911 962 974 Marte
976 910 1140 989 Kalendis,

456 996 500 1055 De
517 1000 623 1054 nostra
636 995 759 1074 prasina
773 1000 822 1054 est
837 997 992 1074 synthesis
1007 1000 1110 1075 empta
1122 1003 1203 1077 toga.

391 1078 475 1142 51am
489 1084 630 1138 constare
644 1078 702 1138 tibi
717 1080 811 1157 gratis
826 1097 960 1158 coepere
975 1078 1113 1159 puellae:

454 1163 636 1224 Muneribus
651 1162 763 1243 futuis,
785 1161 970 1243 Sextiliane,
990 1164 1076 1224 meis.
1143 1187 1151 1205 ·

415 1396 441 1455 0
456 1358 753 1474 temperatae'dnlce
766 1295 909 1454 chdaixae
923 1392 1013 1473 litus,
1067 1428 1069 1433 ,

414 1479 495 1555 Vos,
515 1497 583 1537 cum
596 1479 696 1538 severi
714 1478 794 1556 fugit
807 1472 953 1558 oppidum
968 1478 1080 1538 Martis

413 1561 456 1622 Et
468 1563 621 1640 inquietas
635 1562 735 1622 fessus
749 1563 834 1621 exuit
848 1581 952 1637 curas,

413 1642 604 1725 Apollinaris
618 1647 757 1704 omnibus
770 1644 848 1704 locis
863 1645 1012 1725 praefert.
1120 1646 1126 1657 “

391 1728 484 1791 5Non
497 1727 554 1787 ille
569 1733 693 1787 sanctae
708 1726 797 1788 dulce
812 1729 912 1788 Tibur
927 1729 1046 1809 uxoris,

413 1813 477 1873 Nec
493 1810 681 1871 Tusculanos
695 1811 861 1890 Algidosve
876 1829 1031 1890 secessus,

414 1897 584 1957 Praeneste
598 1913 656 1954 nec
670 1897 715 1955 sic
729 1896 916 1974 Antiumque
931 1897 1069 1959 miratur.

414 1981 481 2040 Non
496 1978 607 2040 blanda
623 1979 714 2040 Circe
729 1978 916 2040 Dardanisve
932 1980 1039 2040 Caieta

414 2063 653 2141 Desiderantur',
674 2083 734 2124 nec
748 2062 866 2124 Marica
879 2081 938 2123 nec
954 2064 1051 2142 Liris,

373 2149 480 2212 loNec
493 2151 526 2207 in
539 2148 673 2208 Lucrina
686 2147 751 2208 lota
764 2146 909 2208 Salmacis
921 2166 1009 2209 vena.

415 2234 476 2292 Hic
491 2251 605 2292 summa
617 2229 683 2291 leni
698 2232 861 2311 stringitur
876 2231 987 2291 Thetis
1002 2236 1110 2305 vent03

415 2316 481 2377 Nec
494 2313 621 2394 languet
635 2333 768 2395 aequor,
785 2317 852 2375 viva
866 2314 923 2374 sed
937 2316 1024 2394 quies
1041 2317 1130 2397 ponti

414 2399 532 2459 Pictam
544 2397 695 2478 phaselon
710 2396 870 2459 adiuvante
885 2397 1053 2478 tertuum,

418 2483 505 2542 Sicut
516 2480 641 2562 puellae
656 2502 717 2542 non
733 2483 861 2542 amantis
876 2488 1024 2543 aestatem

376 2576 408 2627 15
416 2567 503 2626 Mota
517 2564 640 2625 salubre
655 2585 791 2645 purpura
804 2567 890 2625 venit
904 2566 1011 2644 frigus.

416 2649 482 2727 Nec
498 2655 564 2709 seta
576 2647 669 2727 longo
688 2650 809 2728 quaerit
821 2649 854 2708 in
868 2651 944 2708 mari
957 2649 1120 2730 praedam,

417 2732 512 2794 Sede
527 2731 645 2792 cubicio
662 2730 840 2812 lectuloque
855 2732 996 2793 iactatam
1107 2760 1119 2775 κ

418 2818 581 2897 Spectatus
597 2815 659 2876 alte
673 2814 787 2876 lineam
800 2817 1014 2896 trahit-piscis.

417 2902 451 2973 Si
465 2899 585 2980 quando
600 2899 720 2961 Nereus
732 2902 829 2961 sentit
844 2900 933 2962 Aeoli
946 2919 1091 2981 regnum,

376 2999 411 3050 20
417 2985 511 3046 Ridet
524 2982 679 3066 procellas
693 2991 758 3046 tuta
773 2984 813 3056 de
828 3005 882 3045 suo
897 3004 1010 3048 mensa.

417 3071 540 3131 Piscina
554 3070 714 3130 rhombum
727 3066 828 3150 pascit
841 3077 874 3129 et
886 3067 977 3150 lupos
992 3088 1118 3146 vernas,

418 3155 511 3216 Natat
524 3152 563 3212 ad
572 3149 753 3232 'magistrum
768 3151 902 3214 delicata
916 3171 1077 3231 muraenap

418 3235 659 3300 Nomenculator
672 3237 816 3316 mugilem
833 3239 909 3297 citat
926 3242 1031 3298 notum

418 3322 461 3382 Et
475 3320 583 3381 adesse
600 3322 675 3382 iussi
689 3320 845 3402 prodeunt
858 3339 949 3382 senes
962 3320 1058 3390 mulli.

378 3416 412 3470 25
419 3405 495 3466 Frui
510 3404 648 3465 sedistis
663 3404 802 3485 quando,
823 3405 936 3485 Roma,
956 3406 1135 3485 permittis?

420 3490 503 3565 Quot
514 3489 694 3550 Formianos
708 3492 839 3569 imputat
852 3488 919 3549 dies
934 3509 1030 3549 annus

418 3572 594 3651 Negotiosis
608 3575 701 3633 rebus
715 3576 800 3633 urbis
815 3574 997 3634 hacrenti‘t'
1169 3577 1174 3591 '

421 3658 447 3717 0
461 3657 609 3716 ianitores
623 3655 768 3736 vilicique
782 3655 911 3717 felices!
1045 3650 1052 3664 ’

420 3740 558 3801 Dominis
569 3747 718 3822 parantur
730 3743 805 3823 ista,
828 3743 966 3803 serviunt
978 3742 1074 3804 vobis.
