3267 4409
647 474 692 539 Μ.
706 474 799 539 VAL.
815 471 1041 536 Maenianis

787 676 897 739 XXXI.
983 701 988 713 ¹

408 793 474 854 Hos
489 788 563 869 tibi,
581 789 725 870 l‘boebe,
745 796 837 851 vovet
850 796 934 850 totos
949 787 1099 848 avertice
1114 787 1219 848 crines

364 907 366 910 ·
450 871 623 954 Encolpus,
646 873 761 935 domiui
775 873 964 934 centurionis
980 890 1075 933 amor.

410 961 505 1023 Grata
518 957 642 1018 Pudens
656 959 761 1019 meriti
774 956 884 1018 tulerit
899 976 966 1015 cnm
980 956 1116 1037 praemia
1133 953 1207 1035 pili,

408 1039 414 1052 ⁸
450 1043 691 1122 Quamprimum
704 1041 828 1121 longas,
848 1041 993 1116 Phoebe,
1014 1037 1121 1099 recide
1137 1056 1256 1118 comas,

386 1129 487 1192 5Dum
500 1124 585 1187 nulla
598 1127 702 1185 teneri
716 1125 846 1185 sordent
858 1123 1002 1202 lanugine
1017 1118 1119 1182 voltus
1143 1195 1148 1204 .

361 1224 363 1227 ’
449 1213 589 1288 Dumque
606 1208 719 1269 decent
734 1209 822 1269 fusae
835 1207 936 1269 lactea
951 1204 1033 1266 colla
1045 1207 1154 1281 lubee3

408 1297 512 1373 thue
527 1294 587 1353 tuis
606 1289 732 1372 longum
747 1291 949 1371 dominusque
964 1307 1105 1372 puerque
1119 1290 1263 1351 fruantur

449 1377 648 1456 Muneribus,
665 1382 787 1437 tonsum
799 1377 849 1436 fac
866 1378 946 1455 cito,
966 1392 1037 1435 sero
1053 1374 1162 1436 virum.

712 1571 714 1575 ,
781 1510 904 1585 XXXII.
924 1536 928 1547 ·

409 1626 478 1687 Non
492 1645 559 1685 amo
573 1633 622 1704 te,
643 1623 766 1702 Sabidi,
785 1643 845 1684 nec
859 1641 983 1704 possum
999 1621 1105 1682 dicere
1122 1640 1238 1701 quare:

453 1711 522 1770 Hoc
536 1715 653 1771 tautum
669 1727 792 1790 possum
808 1706 930 1786 dicere,
949 1726 1013 1766 non
1027 1724 1093 1766 cmo
1104 1710 1154 1766 te:

776 1841 912 1903 XXXIII.

295 2004 301 2010 .
326 1984 331 1994 ·
413 1956 565 2018 Amissum
578 1976 640 2017 non
654 1958 711 2017 flet
725 1976 792 2016 cum
807 1952 874 2016 sola
888 1961 937 2016 est
952 1953 1055 2016 Gellia
1067 1961 1206 2036 petrem,
1277 1976 1280 1981 ·

452 2040 486 2100 Si
501 2041 568 2120 qula
584 2040 688 2119 adest,
708 2041 810 2109 iussae
826 2040 993 2121 prosiliunt
1007 2036 1164 2102 lacrimae.

409 2125 478 2186 Non
492 2122 580 2203 luget
595 2127 734 2205 quisquis
747 2123 885 2202 laudari,
909 2122 1028 2201 Gellia,
1052 2124 1190 2202 quaerit,

452 2206 511 2269 llle
528 2208 613 2271 dolet
626 2228 718 2289 vere,
741 2212 793 2289 qui
808 2210 875 2271 sine
890 2214 972 2269 teste
988 2205 1083 2269 dolet.

774 2355 914 2420 XXXIV.

409 2468 607 2532 Incustoditis
622 2474 655 2530 et
669 2471 802 2550 apertis,
823 2469 952 2548 Lesbia,
970 2488 1094 2549 semper

451 2553 622 2614 Liminibus
635 2560 818 2633 peccas'nec
832 2561 884 2614 tua
898 2554 982 2632 furta
1000 2556 1097 2631 tegle,

408 2638 451 2700 Et
464 2636 534 2718 plus
549 2643 706 2717 spectator
720 2658 809 2717 quam
824 2644 856 2699 te
870 2637 1007 2699 delectat
1024 2637 1145 2697 adulter

453 2721 518 2782 Nec
536 2727 607 2781 sunt
622 2719 708 2800 grata
721 2723 778 2781 tibi
792 2722 901 2800 gandia
916 2723 942 2782 si
957 2742 1016 2801 qna
1028 2720 1136 2811 latent.

390 2807 457 2866 5At
471 2806 619 2865 meretrix
634 2806 728 2884 abigit
742 2812 854 2866 testem
869 2805 1002 2884 veloque
1017 2822 1148 2884 seraque

452 2891 594 2968 Raraque
609 2889 785 2950 Summoeni
799 2890 920 2950 fornice
934 2891 1011 2950 rima
1026 2895 1121 2969 patet.

324 2985 326 2989 '
411 2976 439 3034 A
454 2975 574 3035 Chione
593 2972 701 3034 saltem
715 2972 765 3033 vel
780 2976 816 3034 ab
833 2974 905 3036 Iade
921 2973 1005 3034 disce
1020 2973 1186 3054 pudorem:

435 3055 654 3137 -Abscondunt
667 3077 793 3138 spurcas
808 3064 840 3118 et
853 3060 1041 3135 monimenta
1058 3056 1155 3137 lupas.

389 3197 395 3204 .
409 3139 565 3223 Numquid
580 3141 657 3202 dura
669 3143 728 3203 tibi
738 3143 868 3224 nimium
883 3161 1012 3203 censura
1025 3137 1171 3201 videtur?

371 3238 405 3288 10
453 3225 614 3308 Deprendi
627 3232 698 3288 reto
712 3233 762 3306 te,
783 3227 911 3304 Lesbia,
932 3245 994 3285 nou
1009 3226 1097 3286 futui.

671 3407 680 3425 e
783 3359 907 3422 XXXV.

410 3473 528 3535 Versus
544 3475 683 3534 scribere
698 3492 869 3554 meparum
884 3490 1008 3532 severos

411 3555 477 3616 Nec
494 3576 571 3636 quos
584 3556 745 3638 praelegat
760 3559 792 3616 in
808 3556 913 3617 schola
927 3558 1088 3635 magister,

411 3639 554 3718 Cornell,
578 3643 734 3719 quereris:
756 3639 813 3700 sed
830 3640 863 3700 hi
876 3639 994 3718 libelli,

414 3724 572 3804 Tanquam
588 3725 767 3803 coniugibus
782 3725 845 3785 suls
859 3726 978 3804 mariti,
