3267 4409
861 424 872 438 Ι

324 557 366 621 eu
513 574 521 589 =
645 558 690 622 Μ.
705 557 799 621 mu.
814 557 1040 620 usurums
1116 534 1132 547 '

450 709 519 771 Non
535 716 696 790 expectato
712 710 764 771 dut
777 711 852 771 mihi
867 711 947 771 sumu
959 728 1045 788 rogo.

408 796 465 855 Est
482 801 514 855 et
528 796 560 854 iu
573 796 633 854 hoc
649 793 780 872 aliqum:
801 795 880 854 vidit
893 814 942 855 me
955 795 1052 854 Romu
1065 794 1225 858 tribunum

368 889 402 942 10
449 880 491 939 Et
506 878 600 939 sedeo
617 899 676 958 quu
694 885 727 938 te
742 880 870 939 suscitat
886 878 1036 940 Oceanus.

410 965 496 1107 ng*
506 965 581 1023 mibi
596 965 749 1023 Caesareo
763 963 841 1023 faeti
855 969 927 1023 suut
940 979 1068 1022 munere
1083 962 1183 1042 cives,

498 1045 658 1106 ciumulos
673 1046 804 1107 totidem
820 1048 959 1127 suspicor
974 1063 1043 1106 esse
1058 1046 1126 1109 tibi.

409 1129 472 1192 Sed
485 1131 675 1212 paedicaris,
697 1130 753 1190 sed
765 1130 914 1212 pulchre,
937 1126 1090 1208 Naevole,
1112 1147 1221 1191 ceres:

450 1216 512 1275 Iam
525 1217 585 1277 ium
598 1223 633 1275 tu
645 1217 733 1297 prior
746 1234 796 1295 es,
817 1211 970 1276 Naerule:
990 1213 1116 1292 vincis,'
1125 1233 1190 1276 ure.

791 1349 899 1413 XCVI.

408 1465 531 1542 Lingis,
550 1484 612 1523 nou
626 1464 721 1523 futuis
735 1482 835 1524 meam
848 1461 982 1544 puellam

409 1549 451 1608 Et
465 1548 563 1626 garris
581 1550 666 1626 quasi
681 1549 827 1608 moechus
842 1554 875 1607 et
889 1547 1018 1607 fututor.

410 1633 443 1692 Si
457 1639 489 1692 te
504 1631 678 1713 prendero,
701 1631 838 1711 Gargili,
860 1632 986 1693 tacebis.

784 1765 905 1829 XCVII.

407 1879 453 1940 Ne
466 1877 552 1958 legat
565 1879 646 1938 huuc
661 1878 800 1956 Chione,
821 1874 932 1937 maudo
947 1877 1022 1955 tibi,
1040 1878 1136 1958 Rufe,
1156 1877 1306 1943 libellum

451 1964 594 2024 Carmine
607 1960 693 2023 laesa
703 1978 775 2023 meo
790 1968 855 2040 est,
875 1959 1003 2023 laedere
1018 1969 1052 2022 et
1065 1961 1120 2051 illu
1133 1971 1252 2045 potest.

779 2096 914 2159 XCVIII.

409 2214 456 2274 Sit
471 2212 557 2274 culus
571 2215 629 2274 tibi
644 2234 733 2293 quam
747 2232 851 2273 macer
864 2213 1021 2292 requiris?

409 2297 579 2358 Paedicure
593 2305 699 2378 potes,
722 2297 864 2377 Sabelle,
887 2297 964 2358 culo.

789 2432 897 2493 XCIX.

409 2544 502 2604 Irasci
517 2551 623 2605 nostro
638 2565 700 2605 uon
715 2542 829 2623 debes,
852 2544 964 2623 cerdo,
985 2543 1105 2609 libello.

450 2629 511 2688 Ars
525 2635 593 2708 tua,
614 2649 676 2689 uon
690 2631 752 2690 ritu
767 2636 815 2690 est
830 2632 965 2690 carmine
979 2628 1064 2689 laesu
1076 2647 1155 2688 meo.

408 2712 477 2772 Nou
490 2733 606 2774 nocuos
619 2716 767 2794 permitte
783 2712 873 2775 sales.
907 2716 971 2774 Cur
983 2713 1093 2773 ludere
1107 2715 1198 2774 uobis

449 2797 518 2857 Nou
532 2796 643 2878 liceat,
662 2797 751 2860 Iieuit
766 2801 792 2859 si
805 2799 944 2878 iugulare
961 2797 1041 2858 tibi?

825 2934 860 2995 0.

409 3045 576 3106 Cursorem
591 3051 678 3106 sexta
690 3046 765 3122 tibi,
786 3046 885 3123 Rufe,
905 3046 1077 3104 remisimus
1096 3045 1191 3124 horu,

451 3130 595 3189 Carmina
609 3149 699 3209 quem
714 3128 867 3189 madidum
882 3136 988 3189 nostru
1002 3128 1112 3189 tulisse
1126 3148 1212 3191 reor.

408 3212 560 3274 Imbribus
573 3214 744 3274 immodicis
760 3212 879 3274 cueIum
894 3234 964 3273 num
980 3214 1064 3274 forte
1078 3216 1198 3274 ruebat.
1288 3244 1299 3260 ··

450 3298 518 3358 Nou
534 3297 627 3359 aliter
643 3299 724 3359 mitti
741 3296 848 3357 debuit
862 3300 922 3359 iste
936 3297 1027 3358 liber.

751 3529 936 3541 ιυ--ι-ι
