<?xml version="1.0" encoding="UTF-8"?>
<!DOCTYPE html PUBLIC "-//W3C//DTD XHTML 1.0 Transitional//EN"
    "http://www.w3.org/TR/xhtml1/DTD/xhtml1-transitional.dtd">
<html xmlns="http://www.w3.org/1999/xhtml" xml:lang="en" lang="en">
 <head>
  <title>
</title>
<meta http-equiv="Content-Type" content="text/html;charset=utf-8" />
  <meta name='ocr-system' content='tesseract 3.04.00' />
  <meta name='ocr-capabilities' content='ocr_page ocr_carea ocr_par ocr_line ocrx_word'/>
</head>
<body>
  <div class='ocr_page' id='page_1' title='image "./mvalmartialisep00martgoog_0285.png"; bbox 0 0 3267 4409; ppageno 0'>
   <div class='ocr_carea' id='block_1_1' title="bbox 326 550 1040 621">
    <p class='ocr_par' dir='ltr' id='par_1_1' title="bbox 326 550 1040 621">
     <span class='ocr_line' id='line_1_1' title="bbox 326 550 1040 621; baseline -0.008 -4"><span class='ocrx_word' id='word_1_1' title='bbox 326 553 388 617; x_wconf 73' lang='lat'><strong>252</strong></span> <span class='ocrx_word' id='word_1_2' title='bbox 645 551 692 614; x_wconf 84' lang='grc' dir='ltr'><strong>Μ.</strong></span> <span class='ocrx_word' id='word_1_3' title='bbox 707 551 799 615; x_wconf 88' lang='lat' dir='ltr'><strong>VAL.</strong></span> <span class='ocrx_word' id='word_1_4' title='bbox 814 550 1040 621; x_wconf 79' lang='lat' dir='ltr'><strong>MARTIALIS</strong></span> 
     </span>
    </p>
   </div>
   <div class='ocr_carea' id='block_1_2' title="bbox 793 703 898 764">
    <p class='ocr_par' dir='ltr' id='par_1_2' title="bbox 793 703 898 764">
     <span class='ocr_line' id='line_1_2' title="bbox 793 703 898 764; baseline 0 0"><span class='ocrx_word' id='word_1_5' title='bbox 793 703 898 764; x_wconf 83' lang='lat' dir='ltr'>XCIII.</span> 
     </span>
    </p>
   </div>
   <div class='ocr_carea' id='block_1_3' title="bbox 390 795 1260 1283">
    <p class='ocr_par' dir='ltr' id='par_1_3' title="bbox 390 795 1260 1283">
     <span class='ocr_line' id='line_1_3' title="bbox 411 795 1205 878; baseline 0.001 -19"><span class='ocrx_word' id='word_1_6' title='bbox 411 799 442 860; x_wconf 93' lang='lat' dir='ltr'><strong>Si</strong></span> <span class='ocrx_word' id='word_1_7' title='bbox 457 799 544 878; x_wconf 88' lang='lat' dir='ltr'><strong>prior</strong></span> <span class='ocrx_word' id='word_1_8' title='bbox 557 798 733 876; x_wconf 82' lang='lat' dir='ltr'><strong>Euganeas,</strong></span> <span class='ocrx_word' id='word_1_9' title='bbox 755 795 918 874; x_wconf 80' lang='lat' dir='ltr'>Clemens,</span> <span class='ocrx_word' id='word_1_10' title='bbox 938 795 1117 859; x_wconf 88' lang='lat' dir='ltr'><strong>Helicaonis</strong></span> <span class='ocrx_word' id='word_1_11' title='bbox 1134 819 1205 863; x_wconf 85' lang='lat' dir='ltr'><strong>oras</strong></span> 
     </span>
     <span class='ocr_line' id='line_1_4' title="bbox 451 880 1108 962; baseline -0.002 -19"><span class='ocrx_word' id='word_1_12' title='bbox 451 883 600 961; x_wconf 80' lang='lat' dir='ltr'>Pictaque</span> <span class='ocrx_word' id='word_1_13' title='bbox 613 882 783 962; x_wconf 82' lang='lat' dir='ltr'><strong>pampineis</strong></span> <span class='ocrx_word' id='word_1_14' title='bbox 796 880 912 940; x_wconf 86' lang='lat' dir='ltr'><strong>videris</strong></span> <span class='ocrx_word' id='word_1_15' title='bbox 925 901 996 941; x_wconf 83' lang='lat' dir='ltr'><strong>arva</strong></span> <span class='ocrx_word' id='word_1_16' title='bbox 1011 882 1108 960; x_wconf 80' lang='lat' dir='ltr'><strong>iugis,</strong></span> 
     </span>
     <span class='ocr_line' id='line_1_5' title="bbox 409 963 1198 1042; baseline 0 -15"><span class='ocrx_word' id='word_1_17' title='bbox 409 968 522 1027; x_wconf 82' lang='lat' dir='ltr'>Perfer</span> <span class='ocrx_word' id='word_1_18' title='bbox 535 967 696 1028; x_wconf 84' lang='lat' dir='ltr'><strong>Atestinae</strong></span> <span class='ocrx_word' id='word_1_19' title='bbox 709 964 845 1024; x_wconf 91' lang='lat' dir='ltr'><strong>nondum</strong></span> <span class='ocrx_word' id='word_1_20' title='bbox 859 963 980 1042; x_wconf 83' lang='lat' dir='ltr'><strong>vulgata</strong></span> <span class='ocrx_word' id='word_1_21' title='bbox 998 965 1129 1027; x_wconf 79' lang='lat' dir='ltr'><strong>Sabinae</strong></span> <span class='ocrx_word' id='word_1_22' title='bbox 1193 966 1198 973; x_wconf 82' lang='grc'><em>’</em></span> 
     </span>
     <span class='ocr_line' id='line_1_6' title="bbox 453 1048 1260 1130; baseline -0.001 -19"><span class='ocrx_word' id='word_1_23' title='bbox 453 1053 613 1127; x_wconf 80' lang='lat' dir='ltr'><strong>Carmina,</strong></span> <span class='ocrx_word' id='word_1_24' title='bbox 635 1067 792 1130; x_wconf 87' lang='lat' dir='ltr'><strong>purpurea</strong></span> <span class='ocrx_word' id='word_1_25' title='bbox 806 1048 863 1108; x_wconf 88' lang='lat' dir='ltr'><strong>sed</strong></span> <span class='ocrx_word' id='word_1_26' title='bbox 877 1048 967 1108; x_wconf 90' lang='lat' dir='ltr'><strong>modo</strong></span> <span class='ocrx_word' id='word_1_27' title='bbox 984 1048 1068 1109; x_wconf 89' lang='lat' dir='ltr'><strong>culta</strong></span> <span class='ocrx_word' id='word_1_28' title='bbox 1081 1058 1163 1129; x_wconf 79' lang='lat' dir='ltr'><strong>toga.</strong></span> <span class='ocrx_word' id='word_1_29' title='bbox 1257 1119 1260 1123; x_wconf 45' lang='grc'>,</span> 
     </span>
     <span class='ocr_line' id='line_1_7' title="bbox 390 1130 1213 1216; baseline -0.002 -18"><span class='ocrx_word' id='word_1_30' title='bbox 390 1136 456 1198; x_wconf 85' lang='lat' dir='ltr'><strong>bUt</strong></span> <span class='ocrx_word' id='word_1_31' title='bbox 469 1155 540 1195; x_wconf 92' lang='lat' dir='ltr'><strong>rosa</strong></span> <span class='ocrx_word' id='word_1_32' title='bbox 554 1134 705 1211; x_wconf 83' lang='lat' dir='ltr'><strong>delcetat,</strong></span> <span class='ocrx_word' id='word_1_33' title='bbox 728 1134 856 1193; x_wconf 86' lang='lat' dir='ltr'><strong>metitur</strong></span> <span class='ocrx_word' id='word_1_34' title='bbox 870 1151 947 1210; x_wconf 86' lang='lat' dir='ltr'><strong>quae</strong></span> <span class='ocrx_word' id='word_1_35' title='bbox 962 1130 1078 1213; x_wconf 87' lang='lat' dir='ltr'><strong>pollice</strong></span> <span class='ocrx_word' id='word_1_36' title='bbox 1093 1137 1213 1216; x_wconf 86' lang='lat' dir='ltr'><strong>primo,</strong></span> 
     </span>
     <span class='ocr_line' id='line_1_8' title="bbox 452 1216 1153 1283; baseline 0.004 -4"><span class='ocrx_word' id='word_1_37' title='bbox 452 1220 503 1279; x_wconf 91' lang='lat' dir='ltr'><strong>Sic</strong></span> <span class='ocrx_word' id='word_1_38' title='bbox 519 1240 596 1280; x_wconf 88' lang='lat' dir='ltr'><strong>nova</strong></span> <span class='ocrx_word' id='word_1_39' title='bbox 609 1237 668 1277; x_wconf 91' lang='lat' dir='ltr'><strong>ncc</strong></span> <span class='ocrx_word' id='word_1_40' title='bbox 682 1223 785 1278; x_wconf 92' lang='lat' dir='ltr'><strong>mento</strong></span> <span class='ocrx_word' id='word_1_41' title='bbox 802 1216 927 1276; x_wconf 88' lang='lat' dir='ltr'><strong>sordida</strong></span> <span class='ocrx_word' id='word_1_42' title='bbox 943 1218 1049 1277; x_wconf 86' lang='lat' dir='ltr'><strong>charta</strong></span> <span class='ocrx_word' id='word_1_43' title='bbox 1062 1218 1153 1283; x_wconf 86' lang='lat' dir='ltr'><strong>iuvat.</strong></span> 
     </span>
    </p>
   </div>
   <div class='ocr_carea' id='block_1_4' title="bbox 791 1333 900 1396">
    <p class='ocr_par' dir='ltr' id='par_1_4' title="bbox 791 1333 900 1396">
     <span class='ocr_line' id='line_1_9' title="bbox 791 1333 900 1396; baseline 0.028 -3"><span class='ocrx_word' id='word_1_44' title='bbox 791 1333 900 1396; x_wconf 83' lang='lat' dir='ltr'>XCIV.</span> 
     </span>
    </p>
   </div>
   <div class='ocr_carea' id='block_1_5' title="bbox 335 1430 1226 1932">
    <p class='ocr_par' dir='ltr' id='par_1_5' title="bbox 335 1430 1226 1932">
     <span class='ocr_line' id='line_1_10' title="bbox 335 1430 1161 1515; baseline 0.004 -24"><span class='ocrx_word' id='word_1_45' title='bbox 335 1480 339 1485; x_wconf 96' lang='lat'>.</span> <span class='ocrx_word' id='word_1_46' title='bbox 410 1432 478 1491; x_wconf 92' lang='lat' dir='ltr'><strong>Non</strong></span> <span class='ocrx_word' id='word_1_47' title='bbox 492 1450 560 1491; x_wconf 89' lang='lat' dir='ltr'><strong>mea</strong></span> <span class='ocrx_word' id='word_1_48' title='bbox 574 1430 728 1512; x_wconf 86' lang='lat' dir='ltr'><strong>Massylus</strong></span> <span class='ocrx_word' id='word_1_49' title='bbox 746 1438 849 1494; x_wconf 82' lang='lat' dir='ltr'><strong>serrat</strong></span> <span class='ocrx_word' id='word_1_50' title='bbox 862 1434 999 1513; x_wconf 87' lang='lat' dir='ltr'><strong>pomaria</strong></span> <span class='ocrx_word' id='word_1_51' title='bbox 1013 1451 1161 1515; x_wconf 85' lang='lat' dir='ltr'><strong>serpens,</strong></span> 
     </span>
     <span class='ocr_line' id='line_1_11' title="bbox 451 1514 1149 1595; baseline 0.003 -21"><span class='ocrx_word' id='word_1_52' title='bbox 451 1517 566 1594; x_wconf 83' lang='lat' dir='ltr'><strong>Regius</strong></span> <span class='ocrx_word' id='word_1_53' title='bbox 581 1515 704 1577; x_wconf 80' lang='lat' dir='ltr'><strong>Alcinoi</strong></span> <span class='ocrx_word' id='word_1_54' title='bbox 718 1537 777 1578; x_wconf 91' lang='lat' dir='ltr'><strong>nec</strong></span> <span class='ocrx_word' id='word_1_55' title='bbox 792 1518 868 1577; x_wconf 86' lang='lat' dir='ltr'><strong>milri</strong></span> <span class='ocrx_word' id='word_1_56' title='bbox 882 1518 978 1577; x_wconf 87' lang='lat' dir='ltr'><strong>servit</strong></span> <span class='ocrx_word' id='word_1_57' title='bbox 992 1536 1081 1595; x_wconf 86' lang='lat' dir='ltr'><strong>ager,</strong></span> <span class='ocrx_word' id='word_1_58' title='bbox 1143 1514 1149 1519; x_wconf 75' lang='grc'>’</span> 
     </span>
     <span class='ocr_line' id='line_1_12' title="bbox 411 1598 1112 1679; baseline 0 -19"><span class='ocrx_word' id='word_1_59' title='bbox 411 1598 474 1660; x_wconf 86' lang='lat' dir='ltr'><strong>Sed</strong></span> <span class='ocrx_word' id='word_1_60' title='bbox 488 1601 679 1659; x_wconf 86' lang='lat' dir='ltr'><strong>Nomentana</strong></span> <span class='ocrx_word' id='word_1_61' title='bbox 695 1620 822 1662; x_wconf 88' lang='lat' dir='ltr'><strong>securus</strong></span> <span class='ocrx_word' id='word_1_62' title='bbox 837 1603 988 1679; x_wconf 82' lang='lat' dir='ltr'><strong>germInat</strong></span> <span class='ocrx_word' id='word_1_63' title='bbox 1002 1602 1112 1660; x_wconf 85' lang='lat' dir='ltr'><strong>hortus</strong></span> 
     </span>
     <span class='ocr_line' id='line_1_13' title="bbox 451 1683 1169 1765; baseline 0.006 -24"><span class='ocrx_word' id='word_1_64' title='bbox 451 1683 589 1761; x_wconf 81' lang='lat' dir='ltr'><strong>Arbore,</strong></span> <span class='ocrx_word' id='word_1_65' title='bbox 611 1703 669 1744; x_wconf 90' lang='lat' dir='ltr'><strong>nec</strong></span> <span class='ocrx_word' id='word_1_66' title='bbox 684 1685 784 1745; x_wconf 86' lang='lat' dir='ltr'><strong>furem</strong></span> <span class='ocrx_word' id='word_1_67' title='bbox 798 1685 941 1765; x_wconf 90' lang='lat' dir='ltr'><strong>plumbea</strong></span> <span class='ocrx_word' id='word_1_68' title='bbox 954 1683 1034 1745; x_wconf 90' lang='lat' dir='ltr'><strong>mala</strong></span> <span class='ocrx_word' id='word_1_69' title='bbox 1048 1686 1169 1746; x_wconf 85' lang='lat' dir='ltr'><strong>timent.</strong></span> 
     </span>
     <span class='ocr_line' id='line_1_14' title="bbox 388 1766 1226 1868; baseline 0.002 -41"><span class='ocrx_word' id='word_1_70' title='bbox 388 1766 497 1827; x_wconf 80' lang='lat' dir='ltr'><strong>bllaec</strong></span> <span class='ocrx_word' id='word_1_71' title='bbox 512 1768 607 1868; x_wconf 61' lang='lat' dir='ltr'><strong>ipitur</strong></span> <span class='ocrx_word' id='word_1_72' title='bbox 621 1767 722 1827; x_wconf 88' lang='lat' dir='ltr'><strong>media</strong></span> <span class='ocrx_word' id='word_1_73' title='bbox 736 1789 813 1847; x_wconf 90' lang='lat' dir='ltr'><strong>quae</strong></span> <span class='ocrx_word' id='word_1_74' title='bbox 829 1774 900 1829; x_wconf 87' lang='lat' dir='ltr'><strong>sunt</strong></span> <span class='ocrx_word' id='word_1_75' title='bbox 913 1769 1004 1829; x_wconf 91' lang='lat' dir='ltr'><strong>modo</strong></span> <span class='ocrx_word' id='word_1_76' title='bbox 1018 1774 1090 1829; x_wconf 87' lang='lat' dir='ltr'><strong>nata</strong></span> <span class='ocrx_word' id='word_1_77' title='bbox 1106 1768 1226 1829; x_wconf 83' lang='lat' dir='ltr'><strong>Subura</strong></span> 
     </span>
     <span class='ocr_line' id='line_1_15' title="bbox 451 1851 1072 1932; baseline 0.005 -21"><span class='ocrx_word' id='word_1_78' title='bbox 451 1851 604 1912; x_wconf 85' lang='lat' dir='ltr'><strong>Mittrmus</strong></span> <span class='ocrx_word' id='word_1_79' title='bbox 620 1854 774 1912; x_wconf 86' lang='lat' dir='ltr'><strong>auctumni</strong></span> <span class='ocrx_word' id='word_1_80' title='bbox 789 1871 881 1912; x_wconf 86' lang='lat' dir='ltr'><strong>cerea</strong></span> <span class='ocrx_word' id='word_1_81' title='bbox 896 1872 986 1932; x_wconf 90' lang='lat' dir='ltr'><strong>poma</strong></span> <span class='ocrx_word' id='word_1_82' title='bbox 1001 1854 1072 1917; x_wconf 89' lang='lat' dir='ltr'><strong>mei.</strong></span> 
     </span>
    </p>
   </div>
   <div class='ocr_carea' id='block_1_6' title="bbox 794 1986 890 2049">
    <p class='ocr_par' dir='ltr' id='par_1_6' title="bbox 794 1986 890 2049">
     <span class='ocr_line' id='line_1_16' title="bbox 794 1986 890 2049; baseline 0.031 -3"><span class='ocrx_word' id='word_1_83' title='bbox 794 1986 890 2049; x_wconf 82' lang='lat' dir='ltr'><strong>XCV.</strong></span> 
     </span>
    </p>
   </div>
   <div class='ocr_carea' id='block_1_7' title="bbox 408 2081 1202 2251">
    <p class='ocr_par' dir='ltr' id='par_1_7' title="bbox 408 2081 1202 2251">
     <span class='ocr_line' id='line_1_17' title="bbox 408 2081 1202 2164; baseline 0.001 -19"><span class='ocrx_word' id='word_1_84' title='bbox 408 2085 559 2145; x_wconf 87' lang='lat' dir='ltr'><strong>Infantem</strong></span> <span class='ocrx_word' id='word_1_85' title='bbox 574 2086 632 2145; x_wconf 86' lang='lat' dir='ltr'><strong>tibi</strong></span> <span class='ocrx_word' id='word_1_86' title='bbox 645 2087 709 2164; x_wconf 85' lang='lat' dir='ltr'><strong>vir,</strong></span> <span class='ocrx_word' id='word_1_87' title='bbox 730 2086 806 2164; x_wconf 84' lang='lat' dir='ltr'><strong>tibi,</strong></span> <span class='ocrx_word' id='word_1_88' title='bbox 828 2082 920 2146; x_wconf 86' lang='lat' dir='ltr'><strong>Galla</strong></span> <span class='ocrx_word' id='word_1_89' title='bbox 934 2084 1054 2144; x_wconf 83' lang='lat' dir='ltr'><strong>remisit</strong></span> <span class='ocrx_word' id='word_1_90' title='bbox 1069 2081 1202 2146; x_wconf 87' lang='lat' dir='ltr'><strong>adulter.</strong></span> 
     </span>
     <span class='ocr_line' id='line_1_18' title="bbox 451 2170 1150 2251; baseline 0.003 -23"><span class='ocrx_word' id='word_1_91' title='bbox 451 2171 509 2248; x_wconf 91' lang='lat' dir='ltr'><strong>lli,</strong></span> <span class='ocrx_word' id='word_1_92' title='bbox 530 2175 623 2251; x_wconf 88' lang='lat' dir='ltr'><strong>puto,</strong></span> <span class='ocrx_word' id='word_1_93' title='bbox 645 2190 707 2231; x_wconf 92' lang='lat' dir='ltr'><strong>non</strong></span> <span class='ocrx_word' id='word_1_94' title='bbox 722 2170 815 2230; x_wconf 87' lang='lat' dir='ltr'><strong>dubie</strong></span> <span class='ocrx_word' id='word_1_95' title='bbox 831 2188 864 2229; x_wconf 90' lang='lat' dir='ltr'><strong>se</strong></span> <span class='ocrx_word' id='word_1_96' title='bbox 879 2170 1010 2230; x_wconf 88' lang='lat' dir='ltr'><strong>futuisse</strong></span> <span class='ocrx_word' id='word_1_97' title='bbox 1025 2174 1150 2246; x_wconf 83' lang='lat' dir='ltr'><strong>negant.</strong></span> 
     </span>
    </p>
   </div>
   <div class='ocr_carea' id='block_1_8' title="bbox 753 2305 895 2368">
    <p class='ocr_par' dir='ltr' id='par_1_8' title="bbox 753 2305 895 2368">
     <span class='ocr_line' id='line_1_19' title="bbox 753 2305 895 2368; baseline -0.014 -3"><span class='ocrx_word' id='word_1_98' title='bbox 753 2320 760 2334; x_wconf 80' lang='lat'><strong><em>‘</em></strong></span> <span class='ocrx_word' id='word_1_99' title='bbox 787 2305 895 2368; x_wconf 80' lang='lat' dir='ltr'><strong>xcvi.</strong></span> 
     </span>
    </p>
   </div>
   <div class='ocr_carea' id='block_1_9' title="bbox 312 2401 1296 3580">
    <p class='ocr_par' dir='ltr' id='par_1_9' title="bbox 312 2401 1296 3580">
     <span class='ocr_line' id='line_1_20' title="bbox 409 2401 1296 2486; baseline 0 -24"><span class='ocrx_word' id='word_1_100' title='bbox 409 2402 508 2482; x_wconf 88' lang='lat' dir='ltr'><strong>Saepe</strong></span> <span class='ocrx_word' id='word_1_101' title='bbox 523 2401 633 2482; x_wconf 88' lang='lat' dir='ltr'><strong>loquar</strong></span> <span class='ocrx_word' id='word_1_102' title='bbox 646 2405 770 2465; x_wconf 89' lang='lat' dir='ltr'><strong>nimium</strong></span> <span class='ocrx_word' id='word_1_103' title='bbox 789 2412 897 2484; x_wconf 81' lang='lat' dir='ltr'><strong>gentes</strong></span> <span class='ocrx_word' id='word_1_104' title='bbox 914 2403 1011 2486; x_wconf 83' lang='lat' dir='ltr'><strong>quod,</strong></span> <span class='ocrx_word' id='word_1_105' title='bbox 1033 2402 1140 2480; x_wconf 81' lang='lat' dir='ltr'><strong>Avite,</strong></span> <span class='ocrx_word' id='word_1_106' title='bbox 1160 2409 1296 2482; x_wconf 85' lang='lat' dir='ltr'><strong>remotas</strong></span> 
     </span>
     <span class='ocr_line' id='line_1_21' title="bbox 449 2487 1078 2566; baseline 0.003 -19"><span class='ocrx_word' id='word_1_107' title='bbox 449 2488 591 2566; x_wconf 86' lang='lat' dir='ltr'><strong>Miraris,</strong></span> <span class='ocrx_word' id='word_1_108' title='bbox 611 2487 699 2548; x_wconf 90' lang='lat' dir='ltr'><strong>Latia</strong></span> <span class='ocrx_word' id='word_1_109' title='bbox 712 2490 811 2550; x_wconf 88' lang='lat' dir='ltr'><strong>factus</strong></span> <span class='ocrx_word' id='word_1_110' title='bbox 825 2491 858 2549; x_wconf 92' lang='lat' dir='ltr'><strong>in</strong></span> <span class='ocrx_word' id='word_1_111' title='bbox 875 2492 951 2549; x_wconf 90' lang='lat' dir='ltr'><strong>urbe</strong></span> <span class='ocrx_word' id='word_1_112' title='bbox 967 2508 1078 2566; x_wconf 84' lang='lat' dir='ltr'><strong>senex,</strong></span> 
     </span>
     <span class='ocr_line' id='line_1_22' title="bbox 408 2570 1262 2653; baseline 0.004 -24"><span class='ocrx_word' id='word_1_113' title='bbox 408 2571 647 2649; x_wconf 86' lang='lat' dir='ltr'><strong>Auriferumque</strong></span> <span class='ocrx_word' id='word_1_114' title='bbox 662 2572 780 2650; x_wconf 83' lang='lat' dir='ltr'><strong>Tagum</strong></span> <span class='ocrx_word' id='word_1_115' title='bbox 794 2575 895 2633; x_wconf 91' lang='lat' dir='ltr'><strong>sitiam</strong></span> <span class='ocrx_word' id='word_1_116' title='bbox 909 2575 1109 2653; x_wconf 88' lang='lat' dir='ltr'><strong>patriumque</strong></span> <span class='ocrx_word' id='word_1_117' title='bbox 1119 2570 1262 2632; x_wconf 84' lang='lat' dir='ltr'><strong>Salonem</strong></span> 
     </span>
     <span class='ocr_line' id='line_1_23' title="bbox 451 2655 1124 2735; baseline 0.004 -20"><span class='ocrx_word' id='word_1_118' title='bbox 451 2655 493 2715; x_wconf 79' lang='lat' dir='ltr'><strong>Et</strong></span> <span class='ocrx_word' id='word_1_119' title='bbox 506 2662 646 2735; x_wconf 86' lang='lat' dir='ltr'><strong>repetam</strong></span> <span class='ocrx_word' id='word_1_120' title='bbox 660 2663 781 2716; x_wconf 87' lang='lat' dir='ltr'><strong>saturae</strong></span> <span class='ocrx_word' id='word_1_121' title='bbox 798 2656 923 2716; x_wconf 89' lang='lat' dir='ltr'><strong>sordida</strong></span> <span class='ocrx_word' id='word_1_122' title='bbox 938 2678 1012 2716; x_wconf 92' lang='lat' dir='ltr'><strong>rura</strong></span> <span class='ocrx_word' id='word_1_123' title='bbox 1026 2674 1124 2718; x_wconf 86' lang='lat' dir='ltr'><strong>casae.</strong></span> 
     </span>
     <span class='ocr_line' id='line_1_24' title="bbox 312 2735 1151 2821; baseline 0.001 -22"><span class='ocrx_word' id='word_1_124' title='bbox 312 2794 314 2799; x_wconf 88' lang='lat'><em>.</em></span> <span class='ocrx_word' id='word_1_125' title='bbox 388 2735 468 2798; x_wconf 87' lang='lat' dir='ltr'><strong>5ssla</strong></span> <span class='ocrx_word' id='word_1_126' title='bbox 481 2735 586 2817; x_wconf 86' lang='lat' dir='ltr'><strong>placet</strong></span> <span class='ocrx_word' id='word_1_127' title='bbox 599 2739 710 2818; x_wconf 90' lang='lat' dir='ltr'><strong>tellus,</strong></span> <span class='ocrx_word' id='word_1_128' title='bbox 732 2741 765 2799; x_wconf 90' lang='lat' dir='ltr'><strong>in</strong></span> <span class='ocrx_word' id='word_1_129' title='bbox 780 2761 839 2819; x_wconf 83' lang='lat' dir='ltr'><strong>qua</strong></span> <span class='ocrx_word' id='word_1_130' title='bbox 855 2760 907 2801; x_wconf 90' lang='lat' dir='ltr'><strong>res</strong></span> <span class='ocrx_word' id='word_1_131' title='bbox 922 2761 1014 2821; x_wconf 87' lang='lat' dir='ltr'><strong>parva</strong></span> <span class='ocrx_word' id='word_1_132' title='bbox 1027 2742 1151 2800; x_wconf 88' lang='lat' dir='ltr'><strong>beatum</strong></span> 
     </span>
     <span class='ocr_line' id='line_1_25' title="bbox 450 2823 1078 2905; baseline 0.003 -23"><span class='ocrx_word' id='word_1_133' title='bbox 450 2823 504 2882; x_wconf 89' lang='lat' dir='ltr'><strong>Mc</strong></span> <span class='ocrx_word' id='word_1_134' title='bbox 519 2824 594 2883; x_wconf 88' lang='lat' dir='ltr'><strong>facit</strong></span> <span class='ocrx_word' id='word_1_135' title='bbox 612 2830 644 2884; x_wconf 90' lang='lat' dir='ltr'><strong>ct</strong></span> <span class='ocrx_word' id='word_1_136' title='bbox 658 2830 767 2883; x_wconf 88' lang='lat' dir='ltr'><strong>tenues</strong></span> <span class='ocrx_word' id='word_1_137' title='bbox 786 2823 979 2891; x_wconf 84' lang='lat' dir='ltr'><strong>luxuriantur</strong></span> <span class='ocrx_word' id='word_1_138' title='bbox 994 2843 1078 2905; x_wconf 87' lang='lat' dir='ltr'><strong>opes.</strong></span> 
     </span>
     <span class='ocr_line' id='line_1_26' title="bbox 408 2904 1259 2990; baseline -0.001 -24"><span class='ocrx_word' id='word_1_139' title='bbox 408 2907 549 2967; x_wconf 86' lang='lat' dir='ltr'><strong>Pascitur</strong></span> <span class='ocrx_word' id='word_1_140' title='bbox 563 2909 698 2986; x_wconf 83' lang='lat' dir='ltr'><strong>hic,ibi</strong></span> <span class='ocrx_word' id='word_1_141' title='bbox 712 2910 811 2987; x_wconf 88' lang='lat' dir='ltr'><strong>pascit</strong></span> <span class='ocrx_word' id='word_1_142' title='bbox 827 2928 916 2988; x_wconf 81' lang='lat' dir='ltr'><strong>ager3</strong></span> <span class='ocrx_word' id='word_1_143' title='bbox 938 2915 1026 2990; x_wconf 91' lang='lat' dir='ltr'><strong>tepet</strong></span> <span class='ocrx_word' id='word_1_144' title='bbox 1040 2910 1112 2986; x_wconf 82' lang='lat' dir='ltr'><strong>igue</strong></span> <span class='ocrx_word' id='word_1_145' title='bbox 1126 2904 1259 2986; x_wconf 82' lang='lat' dir='ltr'><strong>maligno</strong></span> 
     </span>
     <span class='ocr_line' id='line_1_27' title="bbox 450 2991 1069 3071; baseline 0.005 -21"><span class='ocrx_word' id='word_1_146' title='bbox 450 2992 510 3051; x_wconf 92' lang='lat' dir='ltr'><strong>ch</strong></span> <span class='ocrx_word' id='word_1_147' title='bbox 525 2993 629 3070; x_wconf 87' lang='lat' dir='ltr'><strong>focus,</strong></span> <span class='ocrx_word' id='word_1_148' title='bbox 651 2993 769 3071; x_wconf 84' lang='lat' dir='ltr'><strong>ingenti</strong></span> <span class='ocrx_word' id='word_1_149' title='bbox 785 2991 902 3053; x_wconf 87' lang='lat' dir='ltr'><strong>lumln&#39;e</strong></span> <span class='ocrx_word' id='word_1_150' title='bbox 917 2993 1001 3053; x_wconf 87' lang='lat' dir='ltr'><strong>lucet</strong></span> <span class='ocrx_word' id='word_1_151' title='bbox 1015 2994 1069 3054; x_wconf 91' lang='lat' dir='ltr'><strong>ibi.</strong></span> 
     </span>
     <span class='ocr_line' id='line_1_28' title="bbox 407 3073 1187 3158; baseline 0 -23"><span class='ocrx_word' id='word_1_152' title='bbox 407 3075 468 3136; x_wconf 86' lang='lat' dir='ltr'><strong>llic</strong></span> <span class='ocrx_word' id='word_1_153' title='bbox 482 3077 619 3156; x_wconf 87' lang='lat' dir='ltr'><strong>pretiosa</strong></span> <span class='ocrx_word' id='word_1_154' title='bbox 634 3078 730 3136; x_wconf 87' lang='lat' dir='ltr'><strong>sames</strong></span> <span class='ocrx_word' id='word_1_155' title='bbox 745 3080 1007 3158; x_wconf 87' lang='lat' dir='ltr'><strong>conturbatorque</strong></span> <span class='ocrx_word' id='word_1_156' title='bbox 1023 3073 1187 3150; x_wconf 88' lang='lat' dir='ltr'><strong>macellus;</strong></span> 
     </span>
     <span class='ocr_line' id='line_1_29' title="bbox 367 3161 1153 3243; baseline 0.005 -22"><span class='ocrx_word' id='word_1_157' title='bbox 367 3169 400 3221; x_wconf 90' lang='lat'><strong>10</strong></span> <span class='ocrx_word' id='word_1_158' title='bbox 447 3162 557 3221; x_wconf 91' lang='lat' dir='ltr'><strong>Mensa</strong></span> <span class='ocrx_word' id='word_1_159' title='bbox 571 3163 615 3221; x_wconf 93' lang='lat' dir='ltr'><strong>ibi</strong></span> <span class='ocrx_word' id='word_1_160' title='bbox 630 3161 744 3222; x_wconf 87' lang='lat' dir='ltr'><strong>divitiis</strong></span> <span class='ocrx_word' id='word_1_161' title='bbox 758 3164 839 3223; x_wconf 90' lang='lat' dir='ltr'><strong>ruris</strong></span> <span class='ocrx_word' id='word_1_162' title='bbox 856 3169 964 3243; x_wconf 88' lang='lat' dir='ltr'><strong>operta</strong></span> <span class='ocrx_word' id='word_1_163' title='bbox 978 3163 1034 3222; x_wconf 81' lang='lat' dir='ltr'><strong>sui.</strong></span> <span class='ocrx_word' id='word_1_164' title='bbox 1149 3204 1153 3225; x_wconf 57' lang='grc' dir='ltr'>ι</span> 
     </span>
     <span class='ocr_line' id='line_1_30' title="bbox 408 3245 1285 3328; baseline 0.003 -24"><span class='ocrx_word' id='word_1_165' title='bbox 408 3245 560 3321; x_wconf 79' lang='lat' dir='ltr'><strong>Quattuor</strong></span> <span class='ocrx_word' id='word_1_166' title='bbox 574 3247 625 3305; x_wconf 90' lang='lat' dir='ltr'><strong>bic</strong></span> <span class='ocrx_word' id='word_1_167' title='bbox 640 3252 756 3307; x_wconf 86' lang='lat' dir='ltr'><strong>aestate</strong></span> <span class='ocrx_word' id='word_1_168' title='bbox 771 3255 861 3326; x_wconf 82' lang='lat' dir='ltr'><strong>togae</strong></span> <span class='ocrx_word' id='word_1_169' title='bbox 876 3245 1021 3328; x_wconf 83' lang='lat' dir='ltr'><strong>pluresve</strong></span> <span class='ocrx_word' id='word_1_170' title='bbox 1035 3249 1197 3320; x_wconf 81' lang='lat' dir='ltr'><strong>teruntur3</strong></span> <span class='ocrx_word' id='word_1_171' title='bbox 1277 3270 1285 3281; x_wconf 83' lang='lat'><strong>·</strong></span> 
     </span>
     <span class='ocr_line' id='line_1_31' title="bbox 449 3331 1088 3410; baseline 0.006 -22"><span class='ocrx_word' id='word_1_172' title='bbox 449 3331 629 3390; x_wconf 91' lang='lat' dir='ltr'><strong>Auctumnis</strong></span> <span class='ocrx_word' id='word_1_173' title='bbox 647 3333 690 3391; x_wconf 91' lang='lat' dir='ltr'><strong>ibi</strong></span> <span class='ocrx_word' id='word_1_174' title='bbox 705 3350 754 3391; x_wconf 93' lang='lat' dir='ltr'><strong>me</strong></span> <span class='ocrx_word' id='word_1_175' title='bbox 770 3338 914 3410; x_wconf 86' lang='lat' dir='ltr'><strong>quattuor</strong></span> <span class='ocrx_word' id='word_1_176' title='bbox 927 3351 987 3390; x_wconf 87' lang='lat' dir='ltr'><strong>una</strong></span> <span class='ocrx_word' id='word_1_177' title='bbox 1001 3331 1088 3410; x_wconf 83' lang='lat' dir='ltr'><strong>tegit.</strong></span> 
     </span>
     <span class='ocr_line' id='line_1_32' title="bbox 408 3411 1281 3496; baseline -0.001 -24"><span class='ocrx_word' id='word_1_178' title='bbox 408 3413 436 3490; x_wconf 91' lang='lat' dir='ltr'><strong>I,</strong></span> <span class='ocrx_word' id='word_1_179' title='bbox 459 3412 527 3473; x_wconf 91' lang='lat' dir='ltr'><strong>cole</strong></span> <span class='ocrx_word' id='word_1_180' title='bbox 542 3434 624 3474; x_wconf 91' lang='lat' dir='ltr'><strong>nunc</strong></span> <span class='ocrx_word' id='word_1_181' title='bbox 637 3435 745 3493; x_wconf 85' lang='lat' dir='ltr'><strong>reges,</strong></span> <span class='ocrx_word' id='word_1_182' title='bbox 769 3415 919 3495; x_wconf 88' lang='lat' dir='ltr'><strong>quidquid</strong></span> <span class='ocrx_word' id='word_1_183' title='bbox 932 3435 995 3475; x_wconf 91' lang='lat' dir='ltr'><strong>non</strong></span> <span class='ocrx_word' id='word_1_184' title='bbox 1009 3417 1148 3496; x_wconf 87' lang='lat' dir='ltr'><strong>praestat</strong></span> <span class='ocrx_word' id='word_1_185' title='bbox 1165 3411 1281 3485; x_wconf 82' lang='lat' dir='ltr'><strong>amicus</strong></span> 
     </span>
     <span class='ocr_line' id='line_1_33' title="bbox 452 3497 1153 3580; baseline 0.006 -24"><span class='ocrx_word' id='word_1_186' title='bbox 452 3498 526 3557; x_wconf 84' lang='lat' dir='ltr'><strong>Cum</strong></span> <span class='ocrx_word' id='word_1_187' title='bbox 543 3504 703 3577; x_wconf 87' lang='lat' dir='ltr'><strong>praestare</strong></span> <span class='ocrx_word' id='word_1_188' title='bbox 719 3501 777 3560; x_wconf 92' lang='lat' dir='ltr'><strong>tibi</strong></span> <span class='ocrx_word' id='word_1_189' title='bbox 789 3503 904 3580; x_wconf 84' lang='lat' dir='ltr'><strong>possit,</strong></span> <span class='ocrx_word' id='word_1_190' title='bbox 927 3501 1034 3578; x_wconf 82' lang='lat' dir='ltr'><strong>Arite,</strong></span> <span class='ocrx_word' id='word_1_191' title='bbox 1055 3497 1153 3560; x_wconf 90' lang='lat' dir='ltr'><strong>Iocus.</strong></span> 
     </span>
    </p>
   </div>
   <div class='ocr_carea' id='block_1_10' title="bbox 784 3635 905 3698">
    <p class='ocr_par' dir='ltr' id='par_1_10' title="bbox 784 3635 905 3698">
     <span class='ocr_line' id='line_1_34' title="bbox 784 3635 905 3698; baseline 0.033 -4"><span class='ocrx_word' id='word_1_192' title='bbox 784 3635 905 3698; x_wconf 82' lang='lat' dir='ltr'><strong>xcvfl.</strong></span> 
     </span>
    </p>
   </div>
   <div class='ocr_carea' id='block_1_11' title="bbox 405 3726 1196 3899">
    <p class='ocr_par' dir='ltr' id='par_1_11' title="bbox 405 3726 1196 3899">
     <span class='ocr_line' id='line_1_35' title="bbox 405 3726 1131 3814; baseline 0.01 -28"><span class='ocrx_word' id='word_1_193' title='bbox 405 3728 483 3787; x_wconf 83' lang='lat' dir='ltr'><strong>llum</strong></span> <span class='ocrx_word' id='word_1_194' title='bbox 492 3726 575 3789; x_wconf 73' lang='lat' dir='ltr'><strong>&#39;Ievis</strong></span> <span class='ocrx_word' id='word_1_195' title='bbox 590 3751 695 3791; x_wconf 85' lang='lat' dir='ltr'><strong>arsura</strong></span> <span class='ocrx_word' id='word_1_196' title='bbox 708 3734 839 3793; x_wconf 87' lang='lat' dir='ltr'><strong>struitur</strong></span> <span class='ocrx_word' id='word_1_197' title='bbox 852 3733 987 3794; x_wconf 84' lang='lat' dir='ltr'><strong>LibitIna</strong></span> <span class='ocrx_word' id='word_1_198' title='bbox 999 3752 1131 3814; x_wconf 82' lang='lat' dir='ltr'><strong>papyro,</strong></span> 
     </span>
     <span class='ocr_line' id='line_1_36' title="bbox 447 3812 1196 3899; baseline 0.007 -27"><span class='ocrx_word' id='word_1_199' title='bbox 447 3812 525 3873; x_wconf 89' lang='lat' dir='ltr'><strong>Dum</strong></span> <span class='ocrx_word' id='word_1_200' title='bbox 540 3817 696 3895; x_wconf 81' lang='lat' dir='ltr'><strong>myrrham</strong></span> <span class='ocrx_word' id='word_1_201' title='bbox 709 3825 742 3877; x_wconf 90' lang='lat' dir='ltr'><strong>et</strong></span> <span class='ocrx_word' id='word_1_202' title='bbox 758 3819 869 3877; x_wconf 90' lang='lat' dir='ltr'><strong>casiam</strong></span> <span class='ocrx_word' id='word_1_203' title='bbox 883 3816 998 3881; x_wconf 89' lang='lat' dir='ltr'><strong>flebilis</strong></span> <span class='ocrx_word' id='word_1_204' title='bbox 1015 3837 1095 3899; x_wconf 79' lang='lat' dir='ltr'><strong>rsnor¹</strong></span> <span class='ocrx_word' id='word_1_205' title='bbox 1106 3819 1196 3897; x_wconf 88' lang='lat' dir='ltr'><strong>emit,</strong></span> 
     </span>
    </p>
   </div>
   <div class='ocr_carea' id='block_1_12' title="bbox 0 0 1638 4409">
    <p class='ocr_par' dir='ltr' id='par_1_12' title="bbox 0 0 1638 4409">
     <span class='ocr_line' id='line_1_37' title="bbox 0 0 1638 4409; baseline 0 0"><span class='ocrx_word' id='word_1_206' title='bbox 0 0 1638 4409; x_wconf 95' lang='lat' dir='ltr'><strong> </strong></span> 
     </span>
    </p>
   </div>
  </div>
 </body>
</html>
