3267 4409
542 455 969 543 nrrouanmanonum.
983 481 1021 542 x.
1073 567 1080 579 x
1237 478 1298 543 251

320 631 511 712 olnuonem,
531 628 705 710 Polyclito,
727 651 811 692 suam
826 634 885 693 nisi
903 633 1148 713 intercideret,

319 749 321 752 >
387 716 534 777 lunonem
548 721 673 797 poterat
688 717 787 776 frater
803 736 906 777 amare
920 723 1012 781 tuam.

746 849 811 912 XC.

346 961 427 1039 Quid
442 958 533 1029 pellis
545 957 698 1038 vetulum,
719 961 823 1041 Ligia,
845 963 998 1024 cunnum?

346 1046 428 1123 Quid
442 1045 525 1104 busti
539 1046 661 1104 cineres
675 1047 720 1105 tui
736 1042 886 1106 lacessis?

282 1120 286 1132 ¹
345 1129 441 1191 Tales
455 1127 622 1188 munditiae
637 1127 749 1189 decent
762 1129 893 1210 puellas.

295 1272 297 1277 .
344 1215 422 1274 Nam
436 1220 471 1272 tu
484 1214 543 1272 iam
557 1231 616 1271 nec
632 1232 706 1272 auus
719 1220 809 1292 potes
824 1208 932 1275 videri.

323 1297 449 1375 51stud‚
471 1295 565 1356 crede
580 1298 669 1374 mihi,
690 1296 793 1376 Li'gia,
814 1297 899 1358 belle

344 1383 413 1443 Non
429 1386 528 1440 muter
541 1381 616 1440 facit
628 1381 791 1459 Hectoris,
814 1380 870 1460 sed
883 1401 968 1442 uxor.
1012 1370 1024 1393 s

345 1466 458 1543 Erras,
481 1466 507 1524 si
522 1465 580 1525 tibi
594 1484 710 1524 cunnus
725 1466 775 1523 hic
790 1463 928 1544 videtur,

344 1548 394 1611 Ad
410 1567 501 1628 quem
516 1546 651 1608 mentula
664 1550 826 1629 pertinere
840 1548 932 1612 desit.

345 1635 449 1710 Quare
463 1634 490 1693 si
506 1631 606 1712 pudor
620 1636 684 1710 est,
705 1633 808 1711 Ligia,
829 1631 894 1693 noli

302 1717 475 1782 loBarbain
487 1715 607 1777 vellera
624 1723 745 1798 mortuo
761 1715 856 1778 leoni.

740 1849 819 1915 XCI.

347 1964 462 2025 Omnes
479 1963 634 2023 eunuchos
648 1962 742 2022 habet
755 1962 864 2042 Almo,
884 1981 944 2022 uec
958 1963 1067 2041 arrigit
1081 1965 1166 2046 ipse,

386 2049 429 2110 Et
445 2049 602 2128 queritur,
621 2048 723 2128 pariat
736 2047 818 2125 quod
833 2066 887 2107 sua
899 2043 989 2106 Polla
1000 2047 1088 2110 nihil.

739 2179 829 2242 xcll.

345 2293 445 2372 Mari,
467 2294 589 2373 quietae
605 2293 750 2355 cultoret
765 2294 978 2375 comanitae,
1101 2334 1104 2338 -

348 2377 415 2453 Quo
430 2378 496 2438 cire
509 2379 611 2458 prisca
628 2377 778 2457 gloriatur
791 2379 901 2457 Atina,

346 2462 411 2521 Has
429 2462 487 2521 tibi
500 2460 644 2540 gemellas
660 2464 782 2523 barbari
799 2461 893 2523 decus
906 2461 970 2523 luci

348 2544 537 2606 Commendo
552 2548 642 2626 pinus
657 2546 806 2626 ilicesque
822 2547 998 2633 Faunopum

324 2629 390 2692 aEt
404 2629 574 2691 semidocta
587 2629 669 2691 vilici
683 2650 772 2690 manu
787 2638 919 2692 structas

349 2713 499 2774 Tonantis
517 2733 584 2773 aras
599 2713 780 2794 horridique
798 2715 927 2794 Silvani,
1152 2782 1154 2786 ,

305 2803 309 2809 ’
349 2798 431 2873 Quas
447 2798 546 2877 piniit
559 2799 628 2876 agni
643 2817 735 2877 saepe
750 2801 871 2876 sanguis
887 2803 938 2859 ant
953 2797 1062 2875 haedi,

346 2881 568 2960 Dominamque
583 2883 680 2942 sancti
694 2883 842 2960 virginem
859 2882 946 2942 deam
960 2881 1086 2962 templi,

349 2966 392 3025 Et
406 2984 498 3045 quem
512 2967 627 3026 sororis
644 2967 798 3046 hospitem
812 2966 899 3041 vides
918 2972 1019 3025 castae

305 3050 485 3112 10Martem
499 3068 634 3110 mearum
649 3051 823 3130 principem
837 3046 1061 3127 Kalendarum,

349 3134 391 3197 Et
405 3132 557 3194 delicatae
571 3133 710 3193 laureum
723 3150 830 3192 nemus
847 3131 976 3209 Florae,
1034 3146 1037 3158 ‘

349 3218 384 3278 ln
400 3215 483 3296 quod
496 3217 608 3298 Priapo
623 3224 832 3298 persequente
847 3216 993 3294 confugit.

349 3302 419 3362 Hoc
436 3320 526 3361 omne
538 3300 634 3380 agelli
649 3303 724 3361 mite
740 3299 861 3380 parvuli
874 3318 987 3359 numen

350 3385 413 3446 Seu
426 3393 461 3445 tu
477 3404 606 3464 cruore,
628 3387 691 3445 sive
708 3392 778 3445 ture
791 3382 943 3464 placabis:

307 3471 556 3549 15„Ubicunque
570 3474 674 3530 vester
689 3468 844 3529 Martialis
860 3467 947 3534 est.“
969 3465 1071 3545 dices,

350 3555 454 3633 ‚,Hac‚
476 3573 566 3632 ecce,
587 3573 706 3613 mecum
721 3552 849 3613 dextera
862 3552 933 3612 litat
945 3551 1032 3611 vobis

351 3640 472 3699 Absens
489 3636 651 3713 sacerdos;
670 3657 723 3698 ros
738 3642 845 3717 putata
860 3641 1057 3718 praesentem
1130 3688 1133 3693 .
1165 3644 1192 3697 If·-

350 3723 393 3786 Et
407 3723 479 3784 date
495 3721 613 3785 dnobus
628 3721 778 3802 quidquid
793 3719 873 3782 alter
888 3719 1039 3802 optabit“
1056 3751 1073 3769 .,
