3267 4409
422 527 427 534 .
526 469 865 533 EPIGRAMMATON
878 470 953 533 LIB.
969 470 1035 536 VII.
1244 472 1306 539 153
1380 514 1383 522 ·

342 626 417 686 ‘Lux
434 643 501 686 mea
514 643 576 685 non
591 626 712 706 capitur
725 625 814 703 nugis
830 642 933 704 neque
947 624 1083 687 moribus
1097 626 1182 708 istis,

393 711 459 773 Nec
474 710 614 770 domInac
628 715 737 790 pectus
752 709 828 769 talia
843 708 951 768 damna
968 715 1108 772 movent:

352 795 406 856 Bia
420 813 513 855 aenos
527 813 657 874 puerum
672 800 885 853 numerantem
901 793 1041 872 perdidit
1054 814 1167 877 anuos,
1265 872 1267 876 .

310 889 345 940 10
392 877 535 942 Mentula
549 879 599 961 cui
611 877 746 939 noudum
761 875 985 960 sesquipeduIIs
999 886 1076 941 erat.

750 1011 819 1076 XV.

353 1126 429 1204 Quia
442 1144 522 1205 puer
535 1124 586 1184 hic
600 1122 707 1184 nitidis
722 1125 844 1185 absistit
857 1124 1013 1197 Ianthidos
1031 1125 1122 1186 undis
1193 1199 1200 1203 ,

393 1211 435 1272 Et
449 1210 561 1289 fugitat
574 1207 726 1268 dominam
739 1207 858 1268 Naida?
879 1209 1027 1288 numquid
1041 1210 1161 1290 Hylas?

353 1294 492 1372 Obeue,
514 1292 596 1371 quod
610 1292 685 1352 silva
702 1291 815 1353 colitur
832 1293 1015 1372 Tirynthius
1031 1296 1090 1354 ista

393 1379 436 1438 Et
450 1376 532 1456 quod
546 1378 707 1437 amatrices
723 1383 783 1436 tam
798 1395 896 1457 prope
910 1384 1012 1437 servat
1027 1379 1134 1458 aquas!
1212 1420 1215 1424 -

329 1461 489 1524 5Securus
502 1460 580 1521 licet
593 1462 650 1521 hos
664 1461 784 1540 fontes,
806 1463 971 1540 Argynna,
993 1463 1165 1523 ministres:

393 1545 447 1608 Nil
461 1547 578 1608 facient
590 1545 768 1628 Nymphae:
781 1546 830 1605 ”nc
844 1543 920 1605 velit
936 1546 1020 1627 ipse,
1043 1565 1124 1609 cave.

746 1680 826 1744 XVI.

309 1822 313 1827 ·
345 1795 435 1857 Aera
453 1791 534 1853 domi
550 1800 716 1871 nunaunt,
739 1800 883 1874 superest
896 1795 972 1872 hoe,
992 1791 1129 1873 Regula,
1150 1792 1262 1872 solum,

394 1879 439 1940 Ut
451 1883 504 1939 tna
517 1877 683 1939 vendamus
697 1898 840 1938 munera:
861 1877 1010 1959 numquid
1025 1879 1124 1940 emis?

737 2022 832 2085 XVII.

350 2135 444 2196 Ruris
458 2132 648 2197 bibliotheca
663 2135 805 2215 delicati,

351 2220 494 2283 Vicinam
508 2220 593 2282 videt
607 2219 690 2280 uude
705 2219 807 2280 lector
822 2221 948 2300 urbe'm,

350 2303 439 2364 luter
452 2306 585 2365 carmina
599 2306 753 2366 sanctiora
768 2307 794 2364 si
810 2306 878 2385 quIs

351 2387 502 2448 Laschae
514 2389 610 2450 fuerit
623 2391 710 2451 locus
726 2389 873 2468 Thaliae,

330 2472 418 2534 bidos
433 2471 506 2533 nido
519 2472 597 2534 lieet
610 2475 729 2534 inseras
742 2473 793 2534 uel
807 2475 887 2550 imo,

352 2555 480 2636 Septem
496 2578 571 2636 quos
586 2560 643 2617 tibi
658 2560 793 2618 misimus
806 2558 931 2620 libellos

351 2642 496 2701 Auctoris
513 2641 626 2702 calamo
642 2643 688 2702 sui
701 2649 838 2703 notatos:
1000 2659 1007 2705 t

351 2725 439 2785 Haec
455 2723 518 2785 illis
531 2727 666 2806 pretium
681 2727 756 2787 iacit
771 2725 874 2788 litura.

351 2810 393 2869 At
406 2816 442 2869 tu
455 2829 582 2870 munere
597 2809 728 2870 delicata
741 2830 851 2890 parvo,

311 2893 436 2969 10Quae
452 2883 624 2954 edutaberis
638 2897 713 2955 orbe
727 2901 800 2954 uota
812 2900 897 2973 toto,

317 2989 324 3001 ’
351 2977 467 3055 Pignus
481 2979 619 3057 pectoris
633 2979 693 3037 hoc
708 2979 769 3038 mei
781 2986 889 3057 tuere,
934 3057 937 3069 Ι

316 3059 319 3069 “
352 3060 411 3123 Iuli
427 3061 615 3124 bibliotheca
630 3061 794 3124 Martialis.

736 3195 843 3259 XVIII.

352 3309 429 3369 Cum
443 3310 502 3370 tibi
516 3309 557 3369 rit
572 3305 685 3386 facies,
708 3308 747 3369 de
763 3329 821 3386 qua
836 3326 895 3367 nec
909 3305 1023 3368 femina
1037 3307 1137 3387 possit

394 3392 524 3470 Dicere,
547 3413 615 3453 cum
630 3412 741 3474 corpus
755 3392 842 3453 nulla
854 3390 948 3452 litura
962 3397 1067 3468 notet,

353 3477 416 3538 Gur
430 3483 464 3537 te
478 3483 540 3537 tam
554 3498 642 3537 rarus
659 3479 761 3558 cupiat
774 3482 960 3558 repetatque
974 3477 1112 3553 fututor,
1201 3498 1203 3502 ·

394 3561 547 3621 Miraris?
574 3561 693 3623 Vitium
708 3568 757 3622 est
770 3581 833 3622 non
846 3560 933 3639 leve,
957 3559 1065 3639 Galla,
1086 3559 1154 3622 tibi.

334 3645 481 3707 successi
497 3647 640 3724 quotiens
655 3645 692 3706 ad
708 3665 783 3726 opus
798 3646 964 3726 mixtisque
977 3651 1118 3706 movetur

395 3730 571 3810 inguinibus
586 3749 720 3811 cunnus,
741 3750 804 3791 nou
819 3735 920 3812 tacet,
941 3731 1009 3815 Ipsa
1021 3735 1121 3793 taces.
1199 3753 1202 3758 ·
