3267 4409
620 516 624 524 .
644 470 689 535 Μ.
704 470 798 533 VAL.
813 470 1040 532 MARTIALIS

410 627 498 687 Hanc
512 633 604 706 pete,
627 644 686 685 ncc
700 631 819 685 metuas
832 624 931 684 fastus
945 622 1104 703 limenque
1118 628 1299 706 superbum:

451 709 543 771 Nulla
563 711 658 788 magis
674 715 741 768 toto
756 710 847 768 ianua
859 715 949 788 poste
963 715 1067 788 patet,
1211 776 1218 788 ἱ

370 795 474 856 15Nec
487 795 616 874 propior
631 813 722 871 quam
734 793 881 853 Phoebus
898 799 980 852 amet
993 790 1165 871 doctaeque
1179 812 1313 860 sorores.

452 878 485 939 Si
501 877 585 937 dicet
597 878 723 954 „Quare
735 894 798 934 non
811 883 915 943 tamen
928 877 997 955 ipse
1010 875 1138 935 ιιιιιίιῗιι

410 961 461 1022 Sic
474 960 552 1022 licet
564 978 691 1021 excuses
705 960 806 1037 „Quia
817 957 1199 1038 qualiacunqueleguntur

451 1045 528 1124 Ista,
551 1043 701 1105 salutator
714 1044 855 1103 scribere
868 1063 930 1103 non
943 1043 1077 1122 potuit.“
1172 1039 1180 1049 '

793 1197 901 1262 LXXI.

412 1329 522 1389 Laevia
536 1309 590 1387 sel
605 1329 741 1407 cyathis,
763 1334 883 1408 septem
896 1328 1011 1388 lustina
1024 1329 1164 1405 bibatur,

453 1413 595 1491 Quinque
610 1412 726 1491 Lycas,
746 1411 834 1491 Lyde
850 1418 1010 1490 quattuor,
1031 1410 1084 1471 Ida
1097 1413 1207 1476 tribus.

411 1495 517 1556 Omnis
535 1498 571 1556 ab
587 1497 687 1556 inluso
702 1502 883 1555 numeretur
899 1499 994 1555 amica
1007 1494 1158 1573 Falerno,

452 1581 494 1657 Et
508 1581 579 1660 qnia
593 1579 678 1641 nulla
690 1581 791 1659 venit,
813 1586 848 1639 tu
862 1581 953 1658 mihi,
975 1580 1105 1659 Somne,
1126 1581 1203 1640 veni.

786 1742 907 1806 LXXII.

410 1870 533 1930 Nostris
546 1872 685 1931 uersibus
702 1891 771 1932 esse
785 1878 818 1932 te
832 1878 970 1952 poetam,

410 1952 594 2033 Fidentine,
615 1964 704 2036 putas
722 1958 870 2037 cupisque
886 1955 994 2016 credi?

412 2037 463 2098 Sic
478 2037 603 2099 dentata
620 2041 680 2099 sibi
693 2039 816 2100 videtur
835 2038 935 2118 Aegle

410 2122 530 2202 Emptis
545 2125 664 2183 ossibus
677 2123 844 2202 Indicoque
860 2143 971 2198 cornu;

389 2205 464 2265 esic
479 2226 557 2284 quae
570 2208 689 2284 nigrior
702 2213 751 2267 est
764 2207 894 2267 cadente
908 2226 1012 2285 moro,

413 2288 577 2349 Cerussata
593 2292 652 2350 sibi
665 2290 770 2372 placet
782 2290 922 2370 Lycoris.

410 2372 476 2431 Hac
493 2379 525 2433 et
539 2380 574 2433 tu
588 2375 708 2434 ratione
724 2394 783 2453 qua
796 2381 889 2452 pocta
905 2395 954 2453 es,

411 2453 521 2516 Calvus
536 2476 604 2516 cum
616 2457 730 2536 fueris,
752 2459 815 2517 eris
832 2466 976 2521 comatus.

780 2605 913 2667 LXXIII.

410 2728 521 2790 Nullus
534 2732 566 2790 in
583 2733 659 2791 urbe
675 2733 734 2793 fuit
748 2740 814 2793 tota
829 2734 881 2811 qni
897 2737 1026 2811 tangere
1040 2730 1136 2792 vellet

452 2815 585 2875 Uxorem
600 2817 713 2894 gratis,
735 2816 928 2894 caeciliane,
950 2823 1048 2894 tuam,

412 2898 490 2956 Dum
504 2896 607 2975 licuit:
623 2899 679 2959 sed
693 2920 773 2960 nunc
787 2902 897 2982 positis
913 2900 1090 2960 custodibus
1104 2901 1213 2978 ingens

453 2982 558 3042 Turba
572 2983 742 3043 fututorum
757 2991 822 3044 ests
844 2986 1021 3062 ingeniosus
1035 2985 1126 3043 homo
1143 3003 1186 3044 es.

770 3132 908 3194 LXXIV.

409 3256 560 3317 Moechus
575 3262 658 3317 erat:
672 3261 797 3336 poteras
811 3263 915 3317 tamen
929 3258 989 3317 hoc
1002 3263 1054 3336 tu,
1065 3248 1180 3338 ¹Paula,
1199 3278 1320 3338 negare.

451 3340 534 3400 Ecce
547 3342 594 3400 vir
611 3347 674 3401 est:
695 3339 859 3419 numquid,
879 3338 991 3419 Paula,
1012 3360 1127 3421 negare
1142 3345 1254 3424 potes?

741 3485 745 3489 ’
784 3487 906 3550 LXXV.
917 3484 923 3495 ”

411 3615 575 3677 Dimidium
590 3616 705 3677 donare
719 3617 797 3677 Lino
815 3618 1049 3697 quamcredere
1064 3625 1162 3681 totum

453 3702 511 3777 Qui
528 3700 656 3779 mavolt,
678 3700 789 3762 mavolt
802 3702 938 3783 perdere
953 3701 1120 3764 dimidium.
