3267 4409
800 378 807 407 1

688 461 814 512 sauma
835 464 883 512 vn.
1245 456 1285 518 37

298 599 359 662 Iam
382 601 427 661 las
449 609 508 670 est;
535 600 652 663 admitte
675 602 827 663 010001-
845 600 904 662 lam
924 602 1028 663 dormit
1047 602 1174 684 adulter,

298 683 352 747 llla
371 685 450 745 iubet
471 694 585 765 sumpto
608 688 741 746 iuvenem
763 704 925 766 properare
949 689 1080 756 cucullo:
1233 701 1286 757 330

298 773 330 832 Si
353 769 423 830 nihil
445 779 506 846 est,
534 773 627 830 servis
652 772 820 841 incurritur;
845 771 1001 833 abstuleris
1023 791 1106 852 spem

298 856 472 930 Servorum,
495 856 574 914 venit
597 863 626 914 et
649 855 808 915 conductus
833 858 982 934 aquarins;
1007 856 1054 917 irio
1076 861 1102 918 si

299 939 455 1014 Quaeritur
477 946 507 997 et
529 937 633 998 desunt
655 939 803 1017 homines,
827 958 908 1001 mora
930 942 1008 1001 nulla
1030 942 1084 1020 per
1106 944 1208 1023 ipsam,

299 1022 364 1097 Quo
389 1024 481 1081 minus
505 1022 641 1103 imposito
666 1024 779 1084 clunem
801 1027 956 1085 summittat
977 1025 1082 1085 asello.

298 1107 395 1187 Atque
418 1108 525 1167 utinam
547 1110 618 1167 ritus
641 1117 759 1169 veteres
783 1117 812 1168 et
837 1108 954 1188 publica
978 1110 1081 1170 saltem
1233 1119 1285 1175 335

297 1192 348 1252 His
370 1195 475 1252 intacta
497 1192 579 1251 malis
603 1202 759 1270 agerentur
780 1210 878 1254 sacra:
901 1194 954 1254 sed
978 1211 1078 1253 omnes

296 1274 448 1337 Noverunt
469 1275 559 1336 Mauri
582 1286 668 1355 atque
692 1276 768 1354 Indi,
793 1295 868 1356 quae
892 1278 1012 1357 psaltria
1038 1295 1143 1356 penem

297 1359 454 1436 Maiorem,
482 1378 566 1439 quam
593 1371 659 1421 sunt
683 1361 739 1421 duo
768 1359 903 1422 Caesaris
925 1363 1126 1440 Anticatones,

295 1444 388 1520 Illuc,
414 1444 541 1504 testiculi
563 1444 618 1504 sibi
641 1446 776 1506 conscius
797 1447 874 1506 unde
895 1447 969 1525 fugit
989 1464 1063 1524 mus,

295 1528 443 1604 intulerit,
467 1528 516 1587 ubi
538 1529 631 1589 velari
653 1532 766 1608 pictura
790 1531 915 1607 iubetur,
1232 1540 1285 1595 340

297 1611 505 1691 Quaecumque
528 1612 647 1673 alterius
670 1633 759 1674 sexus
782 1616 890 1676 imitata
912 1615 1032 1693 figuram
1055 1623 1109 1676 est.

296 1695 335 1758 m
361 1699 424 1775 quis
447 1707 514 1757 tnnc
538 1697 681 1758 hominnm
705 1708 887 1779 contemptor
907 1697 1050 1760 numinis?
1074 1708 1123 1759 aut
1145 1699 1208 1779 quis

296 1781 473 1860 simpuvium
496 1782 593 1841 ridere
618 1781 728 1843 Numae
754 1786 925 1863 nigrumque
949 1786 1072 1844 catinum

295 1864 334 1927 Et
355 1866 496 1926 Vaticano
518 1865 639 1942 fragiles
663 1868 699 1927 de
720 1878 817 1928 monte
841 1868 967 1947 patellas

296 1949 393 2009 Ausus
421 1946 503 2009 erat?
525 1950 578 2010 sed
600 1969 675 2011 nunc
697 1952 733 2012 ad
756 1970 828 2030 quas
852 1969 910 2011 non
934 1949 1054 2011 Clodius
1077 1946 1164 2011 aras?
1231 1959 1283 2014 345

338 2033 450 2110 Audio,
476 2035 544 2112 quid
567 2044 685 2117 veteres
706 2035 775 2094 olim
797 2036 940 2095 moneatis
964 2036 1063 2095 amici:

296 2118 376 2180 Pone
399 2126 510 2194 seram,
536 2118 719 2197 prohibel—
729 2120 788 2180 Sed
803 2121 868 2199 quis
878 2119 1023 2181 custodiet
1048 2119 1130 2197 ipsos

297 2199 463 2263 Custodes?
489 2211 572 2263 cauta
598 2213 644 2263 est
666 2213 695 2264 et
717 2203 752 2263 ab
774 2204 833 2263 illis
857 2205 957 2283 incipit
981 2219 1064 2263 uxor.

294 2286 414 2365 Iamque
438 2288 540 2348 eadem
561 2290 677 2347 summis
699 2288 809 2366 pariter
830 2289 1009 2365 minimisque
1033 2285 1134 2362 libido,

294 2371 360 2432 Nec
381 2371 501 2446 melior,
527 2372 639 2432 silicem
663 2372 787 2452 pedibus
810 2391 885 2452 quae
907 2373 1031 2432 conterit
1053 2379 1155 2449 atrum,
1231 2380 1283 2435 350

296 2454 389 2529 Quam
413 2474 488 2534 quae
511 2455 664 2534 longorum
689 2457 939 2522 vehiturcervioe
962 2457 1110 2533 Syrorum.

293 2539 334 2601 Ut
356 2548 473 2619 spectet
496 2540 597 2618 ludos,
626 2542 761 2602 conducit
784 2541 907 2620 Ogulnia
930 2551 1053 2617 vestem,
1142 2582 1151 2590 .

296 2621 440 2684 Conducit
462 2627 599 2702 comites,
622 2627 742 2703 sellam,
766 2627 911 2702 cervical,
936 2627 1065 2704 amicas,¹
1144 2656 1146 2660 ·

293 2708 444 2769 Nutricem
469 2718 498 2768 et
521 2708 639 2788 flavam,
665 2712 711 2771 cui
735 2711 784 2771 det
806 2710 955 2787 mandata,
979 2708 1115 2789 puellam.

293 2792 376 2852 Haec
398 2802 493 2853 tamen
515 2797 627 2870 argenti
649 2804 785 2874 superest
807 2794 1010 2872 quodcumque
1032 2792 1145 2872 paterni
1230 2800 1281 2854 355

293 2875 420 2940 Levibus
443 2877 558 2937 athletis
582 2888 611 2938 et
635 2896 705 2939 vasa
728 2881 885 2938 novissima
906 2879 1004 2938 donat.

293 2960 392 3021 Nullis
413 2980 462 3020 res
485 2972 607 3039 angusta
629 2962 722 3022 domi:
747 2964 800 3024 sed
820 2962 898 3022 nulla
924 2961 1065 3041 pudorem

292 3045 477 3124 Paupertatis
499 3046 604 3123 habet,
627 3064 682 3107 nco
704 3064 738 3106 se
758 3048 875 3106 metitur
897 3046 932 3106 ad
957 3045 1048 3121 illurn,

295 3128 389 3202 Quem
410 3130 488 3190 dcdit
508 3130 583 3190 haec
599 3132 755 3210 posuitque
775 3130 900 3190 modum.
927 3129 1035 3190 Tamen
1054 3127 1125 3187 utile
1147 3126 1215 3207 quid
1232 3125 1280 3202 sit,

292 3213 478 3291 Prospiciunt
500 3214 654 3294 aliquando
676 3216 745 3290 viri,
767 3214 918 3293 frigusque
939 3214 1102 3291 famemque
1229 3219 1282 3274 350

291 3296 429 3358 Formica
450 3300 564 3360 tandem
587 3301 701 3379 quidam
721 3317 870 3379 expavere
891 3299 1043 3378 magistra:

292 3381 420 3458 Prodiga
442 3400 500 3442 non
522 3387 609 3444 sentit
629 3393 800 3464 pereuntem
821 3385 926 3445 femina
949 3398 1082 3451 censum;

292 3465 341 3526 Ac
365 3467 447 3526 velut
469 3467 609 3530 exhausta
631 3469 778 3529 redivivus
801 3469 925 3549 pullulat
946 3485 1014 3528 arca

291 3548 432 3611 Nummus
455 3559 484 3610 ct
508 3570 524 3612 e
546 3552 634 3631 pleno
658 3553 777 3613 tollatur
800 3569 920 3631 semper
939 3566 1059 3627 acervo,

291 3633 361 3696 Non
382 3653 514 3714 nmquam
535 3638 806 3716 reputant,·quanti
826 3636 883 3697 sibi
903 3635 1008 3713 gaudia
1031 3640 1175 3696 constent.
1227 3640 1281 3707 303

338 3720 412 3781 Sunt
433 3738 505 3800 quas
529 3720 662 3782 eunuchi·
676 3720 811 3782 imbelles
832 3739 867 3784 ao
889 3719 989 3783 mollia
1010 3736 1128 3801 semper
1201 3730 1219 3757 ·-
1244 3714 1289 3769 “i-
