3267 4409
538 449 873 545 nracmnnaaou
886 452 962 518 nm.
983 446 1049 512 xn.
1256 447 1317 512 aaa

319 614 321 619 '
406 604 469 665 Res
486 622 546 665 uua
561 608 626 680 est,
647 603 714 662 sine
728 620 776 662 me
792 621 880 680 quam
894 601 987 676 facis,
1010 607 1043 661 et
1057 606 1154 663 taceo.

343 689 417 751 aNil
431 694 534 748 tamen
549 688 671 745 omnino
686 692 825 766 praestas
840 686 923 744 mihi.
953 685 1158 763 „Mortuus‚“
1173 685 1292 764 inquis,

406 771 586 851 „Accipiam
601 773 680 830 bene
695 769 761 832 te.“
789 767 941 861 Nil-volo:
962 768 1019 829 sed
1033 786 1167 834 morere.

759 902 835 964 xli.

364 1023 433 1083 Nou
449 1029 512 1101 est,
535 1022 657 1100 Tucca,
677 1022 767 1099 satis,
791 1019 873 1100 quod
890 1039 924 1082 es
938 1018 1078 1102 gulosus:

364 1107 405 1166 Et
419 1107 481 1167 dici
496 1107 582 1187 cupis
596 1112 629 1165 et
643 1108 728 1186 cupis
743 1105 852 1166 videri.

487 1284 489 1289 .
700 1227 711 1253 '
755 1239 848 1303 XLII.
996 1295 1003 1307 ,

366 1352 514 1411 Barbatus
529 1349 630 1430 rigido
644 1348 750 1431 nupsit
763 1348 961 1415 Callistratus
975 1348 1076 1428 Airo‚'
1184 1306 1188 1317 Ι

408 1436 474 1495 Hac
491 1455 548 1513 qua
561 1434 633 1514 lege
648 1437 713 1496 viro
731 1436 850 1495 nubere
865 1436 951 1514 virgo
966 1433 1056 1495 solet.

365 1518 553 1580 Praeluxere
567 1520 668 1597 faces,
688 1517 830 1579 velarunt
844 1520 983 1579 flammea
997 1517 1115 1598 voltus,
1220 1508 1228 1529 ‘

400 1599 472 1664 ¹Nec
485 1609 538 1663 tua
553 1602 720 1686 defuerunt
733 1604 844 1681 verba,
861 1601 1007 1681 Tolosae,
1029 1603 1097 1664 tibi.

344 1688 429 1748 anos
444 1688 534 1748 etiam
552 1686 633 1747 dicta
646 1693 703 1747 est.
732 1685 874 1747 Nondum
888 1687 961 1766 tibi,
981 1682 1092 1764 Roma,
1112 1683 1236 1746 uidetur

407 1768 480 1831 Hori
490 1772 587 1830 satis?
609 1777 753 1853 expectas
768 1770 916 1852 numquid
932 1778 966 1832 ut
980 1776 1014 1832 et
1026 1769 1150 1853 pariat?

749 1904 856 1968 xuur.
935 1982 938 1987 ¹

365 2014 527 2077 Facundos
540 2017 616 2076 mihi
631 2014 670 2077 de
684 2015 859 2077 libidinosis

364 2100 482 2178 Legisti
497 2101 639 2176 nimium,
662 2098 804 2178 Sabelle,
826 2120 950 2178 versus,

367 2182 481 2260 Quales
494 2203 553 2244 nec
568 2183 717 2264 Didymae
733 2185 835 2244 sciunt
849 2184 988 2265 puellae,

365 2269 430 2327 Nec
445 2267 556 2328 molles
568 2267 793 2349 Elephantidos
805 2266 917 2331 libelli.

344 2350 447 2414 ⁵Suut
460 2350 526 2412 illic
540 2353 675 2414 Veneris
689 2370 785 2413 novae
799 2353 935 2433 figurae,
1019 2400 1026 2407 .

366 2435 481 2511 Quales
497 2436 637 2516 perditus
652 2435 762 2496 audeat
776 2437 911 2496 fututor:
1031 2452 1044 2462 ”

365 2518 530 2580 Praestent
543 2527 576 2580 et
589 2526 711 2580 taceant
726 2520 799 2598 quid
815 2519 948 2598 exoleti,

319 2672 323 2679 ¹
367 2604 435 2679 Quo
448 2602 669 2684 symplegmate
685 2605 820 2683 quinque
834 2603 1036 2686 copulentur,

366 2687 433 2762 Qua
448 2686 554 2767 plures
567 2694 733 2748 teneantur
749 2694 903 2767 acatena,

322 2771 537 2833 lollxtiuctam
551 2771 647 2832 liceat
663 2769 737 2849 quid
752 2770 790 2831 ad
803 2769 972 2835 lucernam.

366 2854 459 2914 'l'anti
473 2875 535 2916 uon
549 2861 633 2934 erat,
654 2873 723 2916 esse
737 2860 770 2915 te
785 2855 943 2920 disertum.

749 2989 857 3053 XLIV.
878 2990 882 3001 '
943 3028 948 3040 ι

366 3101 483 3177 Unice,
504 3104 633 3178 cognato
649 3100 786 3160 iunctum
801 3101 878 3161 mihi
893 3099 1039 3179 sanguiue
1055 3116 1185 3174 nomen,

408 3185 469 3260 Qui
482 3185 565 3261 geris
579 3189 613 3244 et
627 3183 729 3243 studio
746 3183 840 3243 corda
853 3185 1026 3263 propinqua
1039 3200 1124 3256 meo;

366 3268 509 3328 Carmina
523 3286 591 3326 cum
606 3267 699 3327 iacias
713 3266 770 3327 soli
785 3266 928 3327 cedentia
941 3267 1049 3344 fratri,

406 3350 539 3411 Pectore
552 3369 615 3410 uon
628 3352 729 3410 minor
743 3370 793 3430 es,
815 3351 871 3410 sed
884 3353 1001 3431 pietate
1014 3350 1110 3430 prior.

343 3434 477 3497 thesbia
491 3454 557 3494 cum
571 3441 681 3493 tenero
695 3438 729 3494 te
743 3442 851 3514 posset
864 3454 965 3495 amare
983 3432 1123 3512 Catullo,

408 3517 456 3577 Te
470 3524 541 3597 post
557 3517 708 3577 Nasonem
723 3517 835 3578 blanda
850 3519 985 3579 Corinna
999 3518 1096 3596 sequi.

364 3600 431 3662 Nec
446 3599 575 3660 deerant
591 3601 745 3682 Zephyri,
766 3603 794 3662 si
807 3608 841 3662 te
856 3600 931 3663 dare
947 3600 1017 3662 vela
1030 3603 1168 3666 iuvarett

407 3683 472 3745 Sed
484 3690 519 3745 tu
530 3682 605 3745 litus
621 3704 713 3751 amas.
736 3687 805 3746 Hoc
820 3704 942 3765 quoque
958 3685 1064 3746 fratris
1078 3684 1184 3746 nabes.
1280 3728 1282 3732 -
