3267 4409
718 503 762 565 Μ.
778 501 870 565 VAL.
887 501 1114 564 MARTIALIS
1155 548 1161 565 .

482 655 579 718 Venit
594 655 630 715 ab
646 654 771 734 Orpheo
786 652 886 714 cultor
900 653 1098 735 Rhodopeius
1112 657 1248 736 Haemo,

523 739 620 802 Venit
634 745 667 798 et
682 745 775 818 epota
792 738 930 797 Sarmata
940 747 1045 818 pastus
1061 758 1158 818 equo,
1259 791 1261 794 ,

460 824 524 886 §Et
536 825 588 902 qui
600 824 698 902 prima
710 823 789 881 bibit
801 820 947 901 deprensi
961 823 1086 882 flumina
1097 823 1178 901 Nili,

523 908 564 966 nt
577 925 666 984 quem
678 924 839 986 supremae
854 905 994 984 Tethyos
1009 906 1090 966 unda
1100 909 1193 982 ferit;

481 992 652 1051 Festinavit
666 990 781 1068 Arabs,
802 990 990 1049 festinavere
1003 989 1129 1069 Sabaei,

523 1076 565 1134 Et
580 1075 693 1135 Cilices
711 1075 821 1133 nimbis
837 1075 888 1132 hic
901 1073 1046 1132 maduere
1060 1076 1132 1136 suis.

484 1159 628 1219 Crinibus
641 1159 674 1216 iu
687 1157 800 1217 nodum
816 1157 892 1216 torti
906 1175 1021 1216 venere
1036 1157 1202 1234 Sicambri,
1318 1158 1320 1163 ’

443 1255 484 1321 10,
524 1244 627 1319 Atque
639 1241 730 1301 aliter
743 1243 836 1300 tortis
853 1242 988 1300 crinibus
1001 1242 1182 1322 Aethiopes.

359 1365 362 1371 ·
482 1326 552 1389 Vox
566 1322 687 1385 diversa
701 1331 789 1384 sonat
802 1323 1002 1405 populorum,
1018 1331 1083 1385 tum
1097 1333 1201 1387 tamen
1213 1345 1273 1386 una
1288 1333 1351 1404 est,

525 1410 602 1470 Cum
614 1427 706 1469 verus
720 1408 839 1489 patriae
855 1408 969 1468 diceris
985 1426 1059 1492 esse,
1067 1417 1165 1492 pater.

891 1543 942 1605 lV.

432 1661 435 1667 ’
476 1661 592 1730 ¹'l'urba
609 1662 708 1740 gravis
721 1662 790 1742 paci
805 1658 1005 1741 placidaeque
1021 1661 1144 1719 inimica
1158 1662 1272 1740 quieti,

526 1746 611 1820 Quae
626 1763 749 1824 semper
762 1745 890 1804 miseras
907 1743 1094 1804 sollicitabat
1108 1762 1199 1824 opes,

485 1828 614 1889 Tradita
630 1826 786 1906 Gaetulis,
800 1847 860 1888 nec
874 1830 959 1908 cepit
972 1830 1089 1888 harena
1101 1834 1269 1889 nocentes:

522 1914 567 1974 Et
583 1911 705 1974 delator
718 1915 814 1973 habet
829 1910 910 1990 quud
925 1911 1016 1972 dabat
1030 1911 1162 1974 exilium.
1245 1908 1251 1918 Χ

483 2251 596 2314 Exulat
608 2252 745 2311 Ausonia
757 2251 906 2330 profugus
922 2239 1042 2309 delator
1057 2252 1093 2309 ab
1105 2252 1198 2327 urbe:

524 2337 610 2396 Haec
625 2334 702 2395 licet
714 2335 862 2415 impensis
875 2334 1024 2414 principis
1040 2351 1230 2395 annumeres.

874 2468 933 2530 V.

481 2588 619 2648 lunatam
635 2585 806 2666 Pasiphaen
822 2585 949 2645 Dictaeo
965 2584 1085 2646 credite
1098 2590 1202 2645 tauro:

527 2668 683 2747 Vidimus,
702 2671 822 2748 accepit
835 2667 938 2729 fabula
951 2670 1053 2750 prisca
1067 2667 1170 2733 iidem.

482 2754 548 2813 Nec
563 2772 597 2813 se
611 2755 756 2831 miretur,
772 2754 902 2832 Caesar,
919 2752 1066 2832 longaeva
1083 2758 1233 2813 vetustas:

528 2835 684 2916 Quidquid
696 2838 776 2898 fama
791 2839 888 2916 canit,
908 2843 1045 2918 praestat
1059 2839 1175 2898 harena
1188 2838 1255 2897 tibi.

886 2971 938 3035 VI.

485 3087 625 3168 Belliger
639 3090 761 3149 invictis
776 3087 858 3166 quud
872 3089 958 3150 Mars
969 3090 1027 3150 tibi
1046 3091 1141 3150 servit
1157 3090 1187 3148 in
1205 3089 1313 3168 armis,
1336 3093 1339 3099 '

525 3175 593 3234 Non
607 3174 681 3267 satis
695 3180 759 3253 est,
779 3175 910 3252 Caesar,
930 3175 1025 3234 servit
1040 3180 1073 3233 et
1085 3174 1151 3254 ipsa
1166 3173 1281 3236 Venus.
1370 3191 1378 3209 =

483 3505 676 3568 Prostratum
689 3517 774 3570 vasta
787 3509 919 3568 Nemees
930 3511 961 3569 in
977 3507 1057 3570 valle
1070 3506 1192 3591 leunem
1286 3561 1297 3582 ,

525 3590 638 3650 Nobile
658 3600 691 3652 et
708 3592 896 3653 Herculeum
912 3594 992 3653 fama
1008 3595 1136 3653 canebat
1152 3612 1237 3673 opus.
1271 3609 1277 3613 ·

485 3673 592 3734 Prisca
604 3674 683 3735 lides
697 3682 814 3735 taceat:
836 3697 905 3736 nam
920 3683 990 3758 post
1005 3687 1057 3737 tua
1071 3695 1213 3754 munera,
1236 3678 1366 3755 Caesar,

526 3758 594 3819 Hoc
607 3759 666 3819 iam
680 3760 815 3820 feminco
832 3807 1208 3825 ........
