3267 4409
324 573 387 637 312
649 574 693 636 M.
709 575 801 638 VAL.
817 574 1042 637 MARTIALIS

710 777 788 837 XLI.
809 777 980 841 Porcellus.

411 891 506 951 Lacte
521 909 607 952 mero
621 895 742 972 pastum
755 891 863 969 pigrae
879 891 955 951 mihi
968 890 1075 952 matris
1092 886 1247 952 alumnum

450 975 567 1054 Ponat,
588 982 622 1035 et
636 972 748 1034 Aetolo
764 974 873 1034 desae
888 974 972 1035 dives
987 973 1068 1037 edat.

567 1132 570 1137 ·
617 1098 708 1158 XLII.
729 1099 871 1179 Apyrina
885 1106 916 1159 et
933 1101 1064 1160 tuberes.

408 1199 477 1259 Non
490 1199 549 1258 tibi
564 1196 603 1256 de
617 1197 741 1274 Libycis
757 1198 885 1256 tuberes
900 1204 933 1256 et
947 1199 1074 1277 apyrina
1087 1198 1198 1277 rumis,

450 1284 497 1342 De
510 1283 709 1342 Nomentanis
723 1279 779 1340 sed
796 1279 900 1371 damus
910 1283 1084 1342 arboribus.

615 1446 618 1451 ,
731 1408 835 1469 XLIH.
859 1409 954 1472 Idem.

408 1507 504 1568 Lecta
519 1505 700 1567 suburbanis
717 1505 880 1564 mittuntur
894 1502 1022 1585 apyrina
1035 1506 1129 1567 rania

450 1592 493 1653 ut
505 1608 618 1650 vernae
631 1590 768 1650 tuberes.
799 1589 882 1666 Quid
895 1592 954 1650 tibi
968 1609 1035 1649 cum
1050 1589 1198 1670 Libycis?

714 1715 822 1779 XLIV.
844 1714 973 1780 Sumen.

410 1817 487 1879 Esse
501 1819 591 1894 putes
604 1812 738 1874 nondum
754 1834 877 1890 sumen3
898 1818 944 1876 sic
957 1817 1054 1877 ubere
1071 1813 1157 1894 largo

451 1901 492 1963 Et
505 1899 575 1959 fluit
589 1905 622 1959 et
637 1900 704 1959 viro
718 1898 799 1959 lacte
812 1898 930 1979 papilla
943 1906 1050 1962 tumet.

648 2021 741 2086 XLV.
763 2024 851 2085 Pulli
861 2025 1039 2106 gallinacei.

410 2123 443 2184 Si
456 2122 590 2201 Libycae
605 2120 694 2179 nobis
707 2118 850 2181 volucres
866 2127 899 2181 et
914 2119 1064 2181 Phasides
1080 2126 1204 2200 errent,

453 2206 639 2286 Acciperes‚
656 2208 690 2263 tn
704 2223 784 2264 nnnc
800 2207 907 2286 accipe
923 2205 1040 2264 chortis
1055 2223 1135 2267 aves.

711 2329 817 2414 XLVI.
832 2331 974 2407 ferrico.

408 2431 492 2497 Vilia
506 2430 652 2491 maternis
668 2430 823 2490 fueramus
836 2448 1012 2510 praecoqua
1026 2430 1135 2491 ramis:

449 2515 537 2577 Nunc
551 2516 583 2573 in
598 2512 748 2594 adoptivis
762 2514 889 2574 Persica
903 2532 973 2574 cara
988 2534 1099 2576 sumus.

633 2643 753 2708 XLVII.
775 2644 877 2705 Panes
893 2643 1054 2706 Picentini.

410 2742 573 2803 Picentina
592 2742 689 2802 Ceres
703 2744 793 2801 niveo
808 2742 853 2800 sic
867 2747 994 2800 nectare
1010 2742 1140 2821 crescit,

451 2829 495 2888 Ut
508 2824 586 2886 levis
602 2832 728 2907 accepta
745 2827 873 2906 spongia
886 2831 992 2903 turget
1006 2843 1092 2904 aqua.

708 2955 842 3018 xtvlu,
866 2954 982 3015 Boleti.

409 3071 580 3146 Argentum
597 3075 689 3147 atque
707 3088 811 3128 aurum
832 3064 925 3127 facile
941 3071 989 3126 ert
1002 3034 1185 3147 laenamque
1199 3071 1333 3146 toguuqn

448 3153 595 3231 Mittere,
616 3152 737 3214 boleto·
751 3154 876 3212 mittere
892 3149 1059 3210 difficilest.

702 3277 808 3341 XLIX.
832 3276 994 3339 Ficedulo.

411 3393 488 3453 (ium
502 3411 551 3453 me
565 3393 641 3454 ficus
656 3391 733 3471 alat,
756 3412 825 3452 cum
837 3411 946 3471 pascar
961 3388 1103 3449 dulcibus
1118 3370 1201 3467 uvis,

451 3478 514 3538 Cur
530 3479 633 3556 potius
649 3497 761 3538 nomen
776 3496 839 3536 non
854 3475 941 3552 dedit
956 3494 1012 3535 nra
1027 3472 1125 3533 mihis

625 3610 630 3620 ¹
686 3604 721 3666 L.
750 3605 866 3664 Terrae
881 3602 999 3662 ludera.

282 3776 285 3785 ,
409 3715 586 3794 Rumpimus
601 3713 743 3775 altricem
755 3719 867 3773 tenero
883 3730 960 3792 quac
973 3711 1093 3771 vertice
1105 3716 1224 3774 terram
1281 3700 1285 3705 ¹

453 3799 594 3878 Tubero,
615 3798 729 3860 boletis
743 3817 834 3878 poma
848 3795 983 3858 secunda
997 3814 1110 3856 snmus.
1194 3826 1207 3851 .··
1221 3816 1267 3865 ‚fr
1296 3850 1300 3859 ,

1190 3862 1200 3873 .
1222 3868 1225 3873 .
1256 3866 1283 3969 Ἰ
1303 3868 1333 3907 -’''.
