3267 4409
325 477 388 543 288
644 477 689 540 M„
704 476 797 541 VAL.
812 476 1043 540 MARTIALIS

450 629 516 690 Nec
531 628 696 709 Capitolini
709 626 800 689 collis
815 626 1017 709 alumnatibi

409 714 474 777 Nec
489 715 549 774 cito
563 711 680 773 ridebit
692 715 851 793 peregrini
869 713 968 793 gloria
981 722 1104 794 partus,

450 799 615 879 Romanam
630 795 739 857 deceat
755 817 845 876 quam
859 800 953 877 magis
968 816 1037 858 esse
1052 819 1171 863 nurum.

410 883 460 944 Τιι
474 880 661 942 desiderium
672 881 816 941 dominae
825 883 905 941 'mihi
920 883 1028 957 mitius
1036 884 1122 943 urbis

368 978 403 1032 10
449 968 528 1030 Esse
542 967 645 1026 iubes:
665 965 792 1026 Romam
807 971 842 1025 tu
856 966 932 1026 mihi
945 964 1012 1026 sola
1026 966 1115 1033 facis.

795 1097 888 1161 XXII.

409 1200 506 1277 Quam
521 1201 562 1260 sit
574 1199 659 1260 lusca
673 1195 832 1258 Philaenis
845 1196 1047 1279 indecenter,

409 1284 465 1346 Vis
480 1283 578 1344 dicam
594 1285 733 1344 breviter
744 1282 820 1357 tibi,
842 1281 996 1343 Fabulle?

408 1369 501 1431 Esset
515 1387 606 1429 caeca
620 1366 782 1427 decentior
800 1364 970 1429 Philaenis.

410 1601 561 1662 Dentibus
577 1608 668 1680 atque
685 1500 925 1677 comileallclte
939 1597 1052 1681 pudet,
1071 1600 1172 1665 uteris
1186 1603 1304 1686 emptis.

451 1685 532 1763 Quid
544 1686 641 1747 facies
655 1683 759 1791 oculo,
778 1683 907 1744 Laeliae
927 1703 990 1743 non
1004 1684 1127 1749 emitur.

790 1817 901 1882 XXIV.

412 1915 600 1996 0iucunda,
625 1919 770 1996 covinno,
792 1915 944 1996 solitudo,

376 2056 379 2075 ,
411 2002 546 2062 Carruca
560 2004 655 2082 magis
670 2002 843 2081 essedoque
858 2007 977 2081 gratnm
1089 2024 1091 2029 ’

408 2084 546 2148 Facundi
560 2088 635 2147 mihi
649 2107 757 2148 munus
772 2085 914 2147 Aeliani!
1154 2138 1157 2147 .

408 2171 470 2231 llic
483 2189 601 2231 mecum
615 2171 706 2250 licet,
729 2172 796 2248 hic,
817 2171 936 2248 lunate,
959 2168 1110 2250 quidquid

386 2254 443 2315 5111
457 2256 582 2315 buccam
598 2257 655 2315 tibi
669 2257 806 2333 venerit,
828 2252 975 2333 loquaris.

409 2339 478 2421 Non
493 2346 598 2399 rector
611 2339 719 2419 Libyci
734 2341 824 2417 niger
838 2337 965 2416 caballi,

410 2421 589 2482 Succinctus
603 2442 704 2502 neque
720 2443 828 2488 cursor
842 2420 1007 2483 antecedit.

409 2505 564 2584 Nusquam
580 2515 629 2567 est
641 2507 752 2582 mulio;
773 2509 909 2569 mannuli
924 2498 1079 2570 tacebunt.

410 2588 437 2649 0
455 2591 482 2649 si
495 2593 634 2651 conscius
649 2598 733 2652 esset
746 2593 797 2652 hic
812 2593 939 2670 Avitus,

368 2682 403 2737 10
409 2675 523 2734 Aurem
540 2695 602 2735 non
616 2695 673 2754 ego
688 2677 811 2736 tertiam
826 2677 978 2737 timerem.

410 2759 509 2820 Totus
525 2762 707 2838 quambene
721 2762 765 2822 sio
784 2759 850 2820 dies
867 2758 982 2823 abiret!

794 2893 891 2957 XXV.

410 2993 486 3055 Cum
496 3010 572 3071 rogo
584 2997 617 3052 te
628 3011 766 3054 nummos
777 2995 845 3054 sine
856 2994 997 3074 pIgnorc,
1009 3012 1093 3071 „non
1104 2993 1240 3074 habeo,“
1251 2992 1343 3076 inquis

449 3076 551 3155 Idem,
573 3078 599 3137 si
613 3096 670 3157 pro
685 3097 735 3138 me
750 3076 884 3158 spondet
902 3077 1037 3159 agellus,
1059 3077 1185 3139 habes·
1277 3138 1284 3147 ,

409 3160 498 3238 Quod
510 3162 585 3221 mihi
599 3181 660 3221 non
676 3160 777 3222 credis
790 3164 908 3242 veteri,
931 3161 1098 3242 Telesina,
1120 3158 1240 3243 sodali,

452 3245 563 3307 Credis
578 3245 717 3306 coliculis
732 3248 954 3326 arboribusque
969 3249 1056 3311 meis.

388 3330 511 3407 5Ecce,
531 3349 619 3391 reum
637 3331 735 3392 Carus
748 3337 781 3391 te
796 3329 927 3392 detulit:
947 3332 1021 3393 assit
1034 3328 1162 3409 agellus.

450 3412 552 3476 Exilia
568 3416 711 3476 comitem
727 3416 872 3496 qnaeris?
893 3414 1010 3495 agellus
1025 3422 1084 3479 eat.

791 3549 902 3614 XXVI.

411 3643 569 3725 Sexagena
582 3652 667 3708 teras
682 3667 749 3708 cum
763 3645 869 3707 limina
882 3665 970 3708 mane
986 3654 1126 3729 senator,

450 3731 529 3794 Esse
543 3732 601 3793 tibi
615 3731 724 3794 videor
738 3731 912 3794 desidiosus
927 3749 1039 3812 eques,
