<?xml version="1.0" encoding="UTF-8"?>
<!DOCTYPE html PUBLIC "-//W3C//DTD XHTML 1.0 Transitional//EN"
    "http://www.w3.org/TR/xhtml1/DTD/xhtml1-transitional.dtd">
<html xmlns="http://www.w3.org/1999/xhtml" xml:lang="en" lang="en">
 <head>
  <title>
</title>
<meta http-equiv="Content-Type" content="text/html;charset=utf-8" />
  <meta name='ocr-system' content='tesseract 3.04.00' />
  <meta name='ocr-capabilities' content='ocr_page ocr_carea ocr_par ocr_line ocrx_word'/>
</head>
<body>
  <div class='ocr_page' id='page_1' title='image "./mvalmartialisep00martgoog_0452.png"; bbox 0 0 3267 4409; ppageno 0'>
   <div class='ocr_carea' id='block_1_1' title="bbox 693 471 877 519">
    <p class='ocr_par' dir='ltr' id='par_1_1' title="bbox 693 471 877 519">
     <span class='ocr_line' id='line_1_1' title="bbox 693 471 877 519; baseline 0.005 -1"><span class='ocrx_word' id='word_1_1' title='bbox 693 471 817 519; x_wconf 70' lang='lat' dir='ltr'>sauma</span> <span class='ocrx_word' id='word_1_2' title='bbox 840 473 877 519; x_wconf 93' lang='lat'>11.</span> 
     </span>
    </p>
   </div>
   <div class='ocr_carea' id='block_1_2' title="bbox 284 609 1279 3792">
    <p class='ocr_par' dir='ltr' id='par_1_2' title="bbox 284 609 1186 2115">
     <span class='ocr_line' id='line_1_2' title="bbox 356 609 1085 688; baseline 0 -18"><span class='ocrx_word' id='word_1_3' title='bbox 356 609 421 688; x_wconf 86' lang='lat' dir='ltr'>Nou</span> <span class='ocrx_word' id='word_1_4' title='bbox 441 611 504 670; x_wconf 92' lang='lat' dir='ltr'>tulit</span> <span class='ocrx_word' id='word_1_5' title='bbox 526 629 564 669; x_wconf 88' lang='lat' dir='ltr'>ex</span> <span class='ocrx_word' id='word_1_6' title='bbox 585 611 643 670; x_wconf 92' lang='lat' dir='ltr'>illis</span> <span class='ocrx_word' id='word_1_7' title='bbox 664 618 777 669; x_wconf 87' lang='lat' dir='ltr'>torvum</span> <span class='ocrx_word' id='word_1_8' title='bbox 798 609 920 670; x_wconf 86' lang='lat' dir='ltr'>Laronia</span> <span class='ocrx_word' id='word_1_9' title='bbox 943 610 1085 688; x_wconf 81' lang='lat' dir='ltr'><strong>quendam</strong></span> 
     </span>
     <span class='ocr_line' id='line_1_3' title="bbox 295 691 1104 757; baseline -0.004 -1"><span class='ocrx_word' id='word_1_10' title='bbox 295 695 473 757; x_wconf 83' lang='lat' dir='ltr'>Clamantem</span> <span class='ocrx_word' id='word_1_11' title='bbox 494 696 599 754; x_wconf 89' lang='lat' dir='ltr'>toties:</span> <span class='ocrx_word' id='word_1_12' title='bbox 622 693 671 753; x_wconf 92' lang='lat' dir='ltr'>uhi</span> <span class='ocrx_word' id='word_1_13' title='bbox 692 713 767 754; x_wconf 94' lang='lat' dir='ltr'>nunc</span> <span class='ocrx_word' id='word_1_14' title='bbox 788 694 838 753; x_wconf 86' lang='lat' dir='ltr'>lex</span> <span class='ocrx_word' id='word_1_15' title='bbox 858 691 952 755; x_wconf 79' lang='lat' dir='ltr'>lulia?</span> <span class='ocrx_word' id='word_1_16' title='bbox 975 692 1104 754; x_wconf 80' lang='lat' dir='ltr'>dormis?</span> 
     </span>
     <span class='ocr_line' id='line_1_4' title="bbox 293 776 1094 858; baseline -0.005 -18"><span class='ocrx_word' id='word_1_17' title='bbox 293 780 392 858; x_wconf 79' lang='lat' dir='ltr'>Atque</span> <span class='ocrx_word' id='word_1_18' title='bbox 415 781 452 839; x_wconf 92' lang='lat' dir='ltr'>ita</span> <span class='ocrx_word' id='word_1_19' title='bbox 473 778 641 839; x_wconf 81' lang='lat' dir='ltr'>subridens:</span> <span class='ocrx_word' id='word_1_20' title='bbox 665 776 775 839; x_wconf 88' lang='lat' dir='ltr'>Felicia</span> <span class='ocrx_word' id='word_1_21' title='bbox 796 788 943 856; x_wconf 85' lang='lat' dir='ltr'>tempora,</span> <span class='ocrx_word' id='word_1_22' title='bbox 967 797 1042 857; x_wconf 91' lang='lat' dir='ltr'>quae</span> <span class='ocrx_word' id='word_1_23' title='bbox 1065 788 1094 838; x_wconf 90' lang='lat' dir='ltr'>te</span> 
     </span>
     <span class='ocr_line' id='line_1_5' title="bbox 292 861 1107 940; baseline -0.005 -16"><span class='ocrx_word' id='word_1_24' title='bbox 292 863 423 924; x_wconf 87' lang='lat' dir='ltr'>illorihus</span> <span class='ocrx_word' id='word_1_25' title='bbox 447 861 608 940; x_wconf 87' lang='lat' dir='ltr'>opponunt!</span> <span class='ocrx_word' id='word_1_26' title='bbox 632 862 738 922; x_wconf 90' lang='lat' dir='ltr'>haheat</span> <span class='ocrx_word' id='word_1_27' title='bbox 758 864 813 922; x_wconf 90' lang='lat' dir='ltr'>iam</span> <span class='ocrx_word' id='word_1_28' title='bbox 835 861 926 923; x_wconf 86' lang='lat' dir='ltr'>Roma</span> <span class='ocrx_word' id='word_1_29' title='bbox 949 863 1107 940; x_wconf 92' lang='lat' dir='ltr'>pudorem;</span> 
     </span>
     <span class='ocr_line' id='line_1_6' title="bbox 294 944 1084 1006; baseline -0.001 0"><span class='ocrx_word' id='word_1_30' title='bbox 294 948 409 1006; x_wconf 87' lang='lat' dir='ltr'>Tertius</span> <span class='ocrx_word' id='word_1_31' title='bbox 432 964 449 1005; x_wconf 92' lang='lat' dir='ltr'>e</span> <span class='ocrx_word' id='word_1_32' title='bbox 472 946 558 1005; x_wconf 91' lang='lat' dir='ltr'>coelo</span> <span class='ocrx_word' id='word_1_33' title='bbox 581 947 687 1006; x_wconf 88' lang='lat' dir='ltr'>cecidit</span> <span class='ocrx_word' id='word_1_34' title='bbox 708 944 798 1006; x_wconf 86' lang='lat' dir='ltr'>Cato!</span> <span class='ocrx_word' id='word_1_35' title='bbox 820 947 872 1006; x_wconf 91' lang='lat' dir='ltr'>sed</span> <span class='ocrx_word' id='word_1_36' title='bbox 891 956 987 1006; x_wconf 85' lang='lat' dir='ltr'>tamen</span> <span class='ocrx_word' id='word_1_37' title='bbox 1009 947 1084 1006; x_wconf 90' lang='lat' dir='ltr'>unde</span> 
     </span>
     <span class='ocr_line' id='line_1_7' title="bbox 293 1030 1062 1109; baseline -0.001 -19"><span class='ocrx_word' id='word_1_38' title='bbox 293 1031 375 1090; x_wconf 86' lang='lat' dir='ltr'>llaec</span> <span class='ocrx_word' id='word_1_39' title='bbox 398 1031 486 1105; x_wconf 81' lang='lat' dir='ltr'>emis,</span> <span class='ocrx_word' id='word_1_40' title='bbox 509 1030 625 1090; x_wconf 90' lang='lat' dir='ltr'>hirsuto·</span> <span class='ocrx_word' id='word_1_41' title='bbox 642 1031 752 1108; x_wconf 76' lang='lat' dir='ltr'>spirant</span> <span class='ocrx_word' id='word_1_42' title='bbox 774 1030 962 1109; x_wconf 88' lang='lat' dir='ltr'>opobalsama</span> <span class='ocrx_word' id='word_1_43' title='bbox 973 1030 1062 1097; x_wconf 75' lang='lat' dir='ltr'>,collo</span> 
     </span>
     <span class='ocr_line' id='line_1_8' title="bbox 284 1111 1182 1192; baseline 0.001 -20"><span class='ocrx_word' id='word_1_44' title='bbox 284 1115 377 1188; x_wconf 75' lang='lat' dir='ltr'>¹Quam</span> <span class='ocrx_word' id='word_1_45' title='bbox 399 1111 470 1172; x_wconf 85' lang='lat' dir='ltr'>tihi?</span> <span class='ocrx_word' id='word_1_46' title='bbox 492 1132 528 1172; x_wconf 93' lang='lat' dir='ltr'>ne</span> <span class='ocrx_word' id='word_1_47' title='bbox 551 1114 656 1192; x_wconf 92' lang='lat' dir='ltr'>pudeat</span> <span class='ocrx_word' id='word_1_48' title='bbox 678 1114 820 1173; x_wconf 92' lang='lat' dir='ltr'>dominum</span> <span class='ocrx_word' id='word_1_49' title='bbox 841 1123 1003 1175; x_wconf 86' lang='lat' dir='ltr'>monstrare</span> <span class='ocrx_word' id='word_1_50' title='bbox 1024 1113 1182 1174; x_wconf 64' lang='lat' dir='ltr'>chemae:</span> 
     </span>
     <span class='ocr_line' id='line_1_9' title="bbox 294 1193 943 1274; baseline 0.002 -18"><span class='ocrx_word' id='word_1_51' title='bbox 294 1198 381 1271; x_wconf 83' lang='lat' dir='ltr'>Quod</span> <span class='ocrx_word' id='word_1_52' title='bbox 403 1200 426 1256; x_wconf 91' lang='lat' dir='ltr'>si</span> <span class='ocrx_word' id='word_1_53' title='bbox 444 1207 584 1257; x_wconf 81' lang='lat' dir='ltr'><strong>vexantur</strong></span> <span class='ocrx_word' id='word_1_54' title='bbox 604 1199 705 1274; x_wconf 84' lang='lat' dir='ltr'>leges,</span> <span class='ocrx_word' id='word_1_55' title='bbox 726 1193 761 1258; x_wconf 60' lang='lat' dir='ltr'>at&#39;</span> <span class='ocrx_word' id='word_1_56' title='bbox 776 1200 838 1259; x_wconf 94' lang='lat' dir='ltr'>iure</span> <span class='ocrx_word' id='word_1_57' title='bbox 861 1199 943 1258; x_wconf 84' lang='lat' dir='ltr'>citari</span> 
     </span>
     <span class='ocr_line' id='line_1_10' title="bbox 294 1281 1186 1360; baseline 0 -19"><span class='ocrx_word' id='word_1_58' title='bbox 294 1281 377 1341; x_wconf 79' lang='lat' dir='ltr'>Ante</span> <span class='ocrx_word' id='word_1_59' title='bbox 393 1299 492 1340; x_wconf 90' lang='lat' dir='ltr'>omnes</span> <span class='ocrx_word' id='word_1_60' title='bbox 513 1281 601 1342; x_wconf 92' lang='lat' dir='ltr'>dehet</span> <span class='ocrx_word' id='word_1_61' title='bbox 617 1283 780 1353; x_wconf 89' lang='lat' dir='ltr'>Scantinia;</span> <span class='ocrx_word' id='word_1_62' title='bbox 815 1284 932 1360; x_wconf 87' lang='lat' dir='ltr'>respice</span> <span class='ocrx_word' id='word_1_63' title='bbox 952 1283 1073 1360; x_wconf 93' lang='lat' dir='ltr'>primum</span> <span class='ocrx_word' id='word_1_64' title='bbox 1174 1294 1186 1313; x_wconf 91' lang='lat'><strong>·</strong></span> 
     </span>
     <span class='ocr_line' id='line_1_11' title="bbox 293 1365 1069 1444; baseline 0 -19"><span class='ocrx_word' id='word_1_65' title='bbox 293 1365 332 1425; x_wconf 88' lang='lat' dir='ltr'>Et</span> <span class='ocrx_word' id='word_1_66' title='bbox 354 1374 484 1425; x_wconf 90' lang='lat' dir='ltr'>scrutare</span> <span class='ocrx_word' id='word_1_67' title='bbox 503 1367 601 1427; x_wconf 88' lang='lat' dir='ltr'>viros:</span> <span class='ocrx_word' id='word_1_68' title='bbox 623 1366 731 1427; x_wconf 88' lang='lat' dir='ltr'>iaciunt</span> <span class='ocrx_word' id='word_1_69' title='bbox 754 1366 783 1426; x_wconf 92' lang='lat' dir='ltr'>hi</span> <span class='ocrx_word' id='word_1_70' title='bbox 805 1367 905 1444; x_wconf 79' lang='lat' dir='ltr'>plura,</span> <span class='ocrx_word' id='word_1_71' title='bbox 928 1366 1069 1427; x_wconf 85' lang='lat' dir='ltr'>sedilios</span> 
     </span>
     <span class='ocr_line' id='line_1_12' title="bbox 293 1449 1125 1528; baseline -0.001 -19"><span class='ocrx_word' id='word_1_72' title='bbox 293 1449 433 1509; x_wconf 74' lang='lat' dir='ltr'><strong>Defendit</strong></span> <span class='ocrx_word' id='word_1_73' title='bbox 454 1466 588 1509; x_wconf 91' lang='lat' dir='ltr'>numerus</span> <span class='ocrx_word' id='word_1_74' title='bbox 609 1451 783 1528; x_wconf 87' lang='lat' dir='ltr'>iunctaeque</span> <span class='ocrx_word' id='word_1_75' title='bbox 806 1450 931 1511; x_wconf 88' lang='lat' dir='ltr'>umbone</span> <span class='ocrx_word' id='word_1_76' title='bbox 955 1449 1125 1527; x_wconf 81' lang='lat' dir='ltr'><strong>phalanges.</strong></span> 
     </span>
     <span class='ocr_line' id='line_1_13' title="bbox 292 1532 1079 1610; baseline 0.001 -18"><span class='ocrx_word' id='word_1_77' title='bbox 292 1532 399 1610; x_wconf 79' lang='lat' dir='ltr'>Magna</span> <span class='ocrx_word' id='word_1_78' title='bbox 420 1535 494 1592; x_wconf 90' lang='lat' dir='ltr'>inter</span> <span class='ocrx_word' id='word_1_79' title='bbox 515 1534 620 1593; x_wconf 90' lang='lat' dir='ltr'>molles</span> <span class='ocrx_word' id='word_1_80' title='bbox 642 1535 814 1603; x_wconf 86' lang='lat' dir='ltr'>concordia;</span> <span class='ocrx_word' id='word_1_81' title='bbox 836 1552 894 1594; x_wconf 93' lang='lat' dir='ltr'>non</span> <span class='ocrx_word' id='word_1_82' title='bbox 914 1535 969 1594; x_wconf 89' lang='lat' dir='ltr'>erit</span> <span class='ocrx_word' id='word_1_83' title='bbox 991 1534 1079 1594; x_wconf 91' lang='lat' dir='ltr'>ullum</span> 
     </span>
     <span class='ocr_line' id='line_1_14' title="bbox 291 1610 1163 1695; baseline 0 -19"><span class='ocrx_word' id='word_1_84' title='bbox 291 1610 518 1695; x_wconf 80' lang='lat' dir='ltr'>Exemplum⁰in</span> <span class='ocrx_word' id='word_1_85' title='bbox 539 1627 639 1678; x_wconf 93' lang='lat' dir='ltr'>nostro</span> <span class='ocrx_word' id='word_1_86' title='bbox 662 1628 718 1679; x_wconf 93' lang='lat' dir='ltr'>tam</span> <span class='ocrx_word' id='word_1_87' title='bbox 738 1618 913 1679; x_wconf 91' lang='lat' dir='ltr'>detestabile</span> <span class='ocrx_word' id='word_1_88' title='bbox 929 1636 1012 1677; x_wconf 85' lang='lat' dir='ltr'>sexu.</span> <span class='ocrx_word' id='word_1_89' title='bbox 1160 1612 1163 1617; x_wconf 76' lang='grc'><strong><em>’</em></strong></span> 
     </span>
     <span class='ocr_line' id='line_1_15' title="bbox 292 1700 1105 1763; baseline 0.001 -4"><span class='ocrx_word' id='word_1_90' title='bbox 292 1701 387 1761; x_wconf 87' lang='lat' dir='ltr'>Vedia</span> <span class='ocrx_word' id='word_1_91' title='bbox 407 1719 463 1760; x_wconf 91' lang='lat' dir='ltr'>non</span> <span class='ocrx_word' id='word_1_92' title='bbox 487 1701 585 1761; x_wconf 81' lang='lat' dir='ltr'><strong>lambit</strong></span> <span class='ocrx_word' id='word_1_93' title='bbox 607 1700 737 1763; x_wconf 85' lang='lat' dir='ltr'>Cluviam</span> <span class='ocrx_word' id='word_1_94' title='bbox 760 1721 816 1762; x_wconf 93' lang='lat' dir='ltr'>nec</span> <span class='ocrx_word' id='word_1_95' title='bbox 837 1702 925 1762; x_wconf 85' lang='lat' dir='ltr'>Flora</span> <span class='ocrx_word' id='word_1_96' title='bbox 947 1700 1105 1762; x_wconf 79' lang='lat' dir='ltr'>Catullum:</span> 
     </span>
     <span class='ocr_line' id='line_1_16' title="bbox 292 1785 1159 1864; baseline -0.001 -20"><span class='ocrx_word' id='word_1_97' title='bbox 292 1785 384 1863; x_wconf 88' lang='lat' dir='ltr'>Hispo</span> <span class='ocrx_word' id='word_1_98' title='bbox 405 1785 480 1844; x_wconf 91' lang='lat' dir='ltr'>subit</span> <span class='ocrx_word' id='word_1_99' title='bbox 499 1787 618 1845; x_wconf 86' lang='lat' dir='ltr'>iuvenes</span> <span class='ocrx_word' id='word_1_100' title='bbox 641 1796 670 1846; x_wconf 89' lang='lat' dir='ltr'>et</span> <span class='ocrx_word' id='word_1_101' title='bbox 691 1786 792 1846; x_wconf 90' lang='lat' dir='ltr'>morbo</span> <span class='ocrx_word' id='word_1_102' title='bbox 811 1786 902 1864; x_wconf 92' lang='lat' dir='ltr'>pallet</span> <span class='ocrx_word' id='word_1_103' title='bbox 923 1796 1057 1863; x_wconf 84' lang='lat' dir='ltr'>utroque.</span> <span class='ocrx_word' id='word_1_104' title='bbox 1154 1834 1159 1843; x_wconf 91' lang='lat'><em>.</em></span> 
     </span>
     <span class='ocr_line' id='line_1_17' title="bbox 291 1867 994 1947; baseline 0.001 -19"><span class='ocrx_word' id='word_1_105' title='bbox 291 1867 436 1947; x_wconf 86' lang='lat' dir='ltr'>Numquid</span> <span class='ocrx_word' id='word_1_106' title='bbox 458 1887 511 1928; x_wconf 90' lang='lat' dir='ltr'>nos</span> <span class='ocrx_word' id='word_1_107' title='bbox 535 1871 645 1946; x_wconf 81' lang='lat' dir='ltr'>agimus</span> <span class='ocrx_word' id='word_1_108' title='bbox 669 1888 789 1945; x_wconf 74' lang='lat' dir='ltr'>causas,</span> <span class='ocrx_word' id='word_1_109' title='bbox 812 1870 909 1931; x_wconf 90' lang='lat' dir='ltr'>civilia</span> <span class='ocrx_word' id='word_1_110' title='bbox 932 1871 994 1929; x_wconf 88' lang='lat' dir='ltr'>iura</span> 
     </span>
     <span class='ocr_line' id='line_1_18' title="bbox 292 1949 1140 2032; baseline -0.001 -20"><span class='ocrx_word' id='word_1_111' title='bbox 292 1951 447 2028; x_wconf 84' lang='lat' dir='ltr'>Novimus,</span> <span class='ocrx_word' id='word_1_112' title='bbox 469 1962 517 2012; x_wconf 89' lang='lat' dir='ltr'>aut</span> <span class='ocrx_word' id='word_1_113' title='bbox 537 1953 597 2013; x_wconf 93' lang='lat' dir='ltr'>ullo</span> <span class='ocrx_word' id='word_1_114' title='bbox 619 1955 743 2032; x_wconf 92' lang='lat' dir='ltr'>strepitu</span> <span class='ocrx_word' id='word_1_115' title='bbox 765 1954 829 2013; x_wconf 86' lang='lat' dir='ltr'>lora</span> <span class='ocrx_word' id='word_1_116' title='bbox 850 1962 949 2013; x_wconf 90' lang='lat' dir='ltr'>vestra</span> <span class='ocrx_word' id='word_1_117' title='bbox 971 1949 1140 2012; x_wconf 81' lang='lat' dir='ltr'>movemus‘i</span> 
     </span>
     <span class='ocr_line' id='line_1_19' title="bbox 291 2036 1071 2115; baseline -0.003 -19"><span class='ocrx_word' id='word_1_118' title='bbox 291 2036 447 2096; x_wconf 91' lang='lat' dir='ltr'>Luctantur</span> <span class='ocrx_word' id='word_1_119' title='bbox 471 2054 598 2115; x_wconf 77' lang='lat' dir='ltr'>paucae,</span> <span class='ocrx_word' id='word_1_120' title='bbox 622 2037 774 2097; x_wconf 88' lang='lat' dir='ltr'>comedunt</span> <span class='ocrx_word' id='word_1_121' title='bbox 787 2037 924 2115; x_wconf 77' lang='lat' dir='ltr'>colyphia</span> <span class='ocrx_word' id='word_1_122' title='bbox 944 2053 1071 2114; x_wconf 88' lang='lat' dir='ltr'>paucae:</span> 
     </span>
    </p>

    <p class='ocr_par' dir='ltr' id='par_1_3' title="bbox 290 2118 1090 2366">
     <span class='ocr_line' id='line_1_20' title="bbox 293 2118 1090 2199; baseline -0.001 -20"><span class='ocrx_word' id='word_1_123' title='bbox 293 2119 357 2179; x_wconf 87' lang='lat' dir='ltr'>Vos</span> <span class='ocrx_word' id='word_1_124' title='bbox 380 2120 472 2180; x_wconf 92' lang='lat' dir='ltr'>lanam</span> <span class='ocrx_word' id='word_1_125' title='bbox 494 2120 605 2180; x_wconf 81' lang='lat' dir='ltr'>trahitis</span> <span class='ocrx_word' id='word_1_126' title='bbox 628 2120 810 2199; x_wconf 85' lang='lat' dir='ltr'>calathisque</span> <span class='ocrx_word' id='word_1_127' title='bbox 832 2129 953 2198; x_wconf 91' lang='lat' dir='ltr'>peracta</span> <span class='ocrx_word' id='word_1_128' title='bbox 971 2118 1090 2179; x_wconf 82' lang='lat' dir='ltr'>refertis</span> 
     </span>
     <span class='ocr_line' id='line_1_21' title="bbox 290 2203 1078 2281; baseline -0.001 -18"><span class='ocrx_word' id='word_1_129' title='bbox 290 2203 430 2279; x_wconf 81' lang='lat' dir='ltr'>Vellera,</span> <span class='ocrx_word' id='word_1_130' title='bbox 453 2221 506 2262; x_wconf 90' lang='lat' dir='ltr'>vos</span> <span class='ocrx_word' id='word_1_131' title='bbox 529 2205 607 2263; x_wconf 93' lang='lat' dir='ltr'>tenui</span> <span class='ocrx_word' id='word_1_132' title='bbox 628 2212 819 2281; x_wconf 80' lang='lat' dir='ltr'>praegnatem</span> <span class='ocrx_word' id='word_1_133' title='bbox 841 2205 962 2265; x_wconf 89' lang='lat' dir='ltr'>stamine</span> <span class='ocrx_word' id='word_1_134' title='bbox 983 2203 1078 2263; x_wconf 89' lang='lat' dir='ltr'>fusum</span> 
     </span>
     <span class='ocr_line' id='line_1_22' title="bbox 291 2287 1039 2366; baseline -0.004 -18"><span class='ocrx_word' id='word_1_135' title='bbox 291 2287 441 2366; x_wconf 84' lang='lat' dir='ltr'><strong>Penelope</strong></span> <span class='ocrx_word' id='word_1_136' title='bbox 464 2288 583 2363; x_wconf 79' lang='lat' dir='ltr'>melius,</span> <span class='ocrx_word' id='word_1_137' title='bbox 606 2288 700 2347; x_wconf 92' lang='lat' dir='ltr'>levius</span> <span class='ocrx_word' id='word_1_138' title='bbox 721 2289 865 2365; x_wconf 88' lang='lat' dir='ltr'>torquetis</span> <span class='ocrx_word' id='word_1_139' title='bbox 886 2287 1039 2361; x_wconf 80' lang='lat' dir='ltr'>Arachne,</span> 
     </span>
    </p>

    <p class='ocr_par' dir='ltr' id='par_1_4' title="bbox 290 2371 1196 2620">
     <span class='ocr_line' id='line_1_23' title="bbox 291 2371 1076 2450; baseline -0.003 -20"><span class='ocrx_word' id='word_1_140' title='bbox 291 2371 417 2431; x_wconf 87' lang='lat' dir='ltr'>Horrida</span> <span class='ocrx_word' id='word_1_141' title='bbox 439 2372 525 2450; x_wconf 88' lang='lat' dir='ltr'>quale</span> <span class='ocrx_word' id='word_1_142' title='bbox 549 2372 618 2432; x_wconf 88' lang='lat' dir='ltr'>lacit</span> <span class='ocrx_word' id='word_1_143' title='bbox 639 2372 773 2431; x_wconf 90' lang='lat' dir='ltr'>residens</span> <span class='ocrx_word' id='word_1_144' title='bbox 795 2373 824 2431; x_wconf 94' lang='lat' dir='ltr'>in</span> <span class='ocrx_word' id='word_1_145' title='bbox 842 2372 945 2432; x_wconf 92' lang='lat' dir='ltr'>codiee</span> <span class='ocrx_word' id='word_1_146' title='bbox 967 2372 1076 2450; x_wconf 87' lang='lat' dir='ltr'><strong>pellex.</strong></span> 
     </span>
     <span class='ocr_line' id='line_1_24' title="bbox 291 2454 1196 2535; baseline 0.001 -21"><span class='ocrx_word' id='word_1_147' title='bbox 291 2454 398 2515; x_wconf 90' lang='lat' dir='ltr'>Notum</span> <span class='ocrx_word' id='word_1_148' title='bbox 422 2466 482 2531; x_wconf 81' lang='lat' dir='ltr'>est,</span> <span class='ocrx_word' id='word_1_149' title='bbox 507 2474 558 2515; x_wconf 94' lang='lat' dir='ltr'>cur</span> <span class='ocrx_word' id='word_1_150' title='bbox 579 2456 644 2515; x_wconf 94' lang='lat' dir='ltr'>solo</span> <span class='ocrx_word' id='word_1_151' title='bbox 667 2456 780 2517; x_wconf 87' lang='lat' dir='ltr'>tabulas</span> <span class='ocrx_word' id='word_1_152' title='bbox 801 2457 967 2535; x_wconf 83' lang='lat' dir='ltr'><strong>impleverit</strong></span> <span class='ocrx_word' id='word_1_153' title='bbox 987 2456 1086 2517; x_wconf 88' lang='lat' dir='ltr'>Hister</span> <span class='ocrx_word' id='word_1_154' title='bbox 1191 2462 1196 2474; x_wconf 88' lang='lat'>&#39;</span> 
     </span>
     <span class='ocr_line' id='line_1_25' title="bbox 290 2536 993 2620; baseline 0.001 -21"><span class='ocrx_word' id='word_1_155' title='bbox 290 2539 427 2615; x_wconf 79' lang='lat' dir='ltr'>liberto,</span> <span class='ocrx_word' id='word_1_156' title='bbox 451 2539 565 2600; x_wconf 88' lang='lat' dir='ltr'>dederit</span> <span class='ocrx_word' id='word_1_157' title='bbox 585 2541 669 2600; x_wconf 85' lang='lat' dir='ltr'>vivus</span> <span class='ocrx_word' id='word_1_158' title='bbox 688 2558 740 2600; x_wconf 90' lang='lat' dir='ltr'>cur</span> <span class='ocrx_word' id='word_1_159' title='bbox 757 2541 845 2602; x_wconf 90' lang='lat' dir='ltr'>multa</span> <span class='ocrx_word' id='word_1_160' title='bbox 866 2536 993 2620; x_wconf 91' lang='lat' dir='ltr'>puellae.</span> 
     </span>
    </p>

    <p class='ocr_par' dir='ltr' id='par_1_5' title="bbox 291 2623 1038 2702">
     <span class='ocr_line' id='line_1_26' title="bbox 291 2623 1038 2702; baseline 0 -19"><span class='ocrx_word' id='word_1_161' title='bbox 291 2623 384 2683; x_wconf 90' lang='lat' dir='ltr'>Dives</span> <span class='ocrx_word' id='word_1_162' title='bbox 406 2625 475 2698; x_wconf 81' lang='lat' dir='ltr'>erit,</span> <span class='ocrx_word' id='word_1_163' title='bbox 495 2642 599 2701; x_wconf 83' lang='lat' dir='ltr'>magno</span> <span class='ocrx_word' id='word_1_164' title='bbox 620 2643 695 2702; x_wconf 89' lang='lat' dir='ltr'>quae</span> <span class='ocrx_word' id='word_1_165' title='bbox 717 2626 822 2685; x_wconf 91' lang='lat' dir='ltr'>dormit</span> <span class='ocrx_word' id='word_1_166' title='bbox 842 2626 927 2686; x_wconf 92' lang='lat' dir='ltr'>tertia</span> <span class='ocrx_word' id='word_1_167' title='bbox 948 2624 1038 2685; x_wconf 90' lang='lat' dir='ltr'>lecto.</span> 
     </span>
    </p>

    <p class='ocr_par' dir='ltr' id='par_1_6' title="bbox 292 2706 1077 2786">
     <span class='ocr_line' id='line_1_27' title="bbox 292 2706 1077 2786; baseline 0 -19"><span class='ocrx_word' id='word_1_168' title='bbox 292 2706 336 2767; x_wconf 88' lang='lat' dir='ltr'>Tu</span> <span class='ocrx_word' id='word_1_169' title='bbox 357 2707 432 2766; x_wconf 92' lang='lat' dir='ltr'>nube</span> <span class='ocrx_word' id='word_1_170' title='bbox 455 2717 541 2786; x_wconf 90' lang='lat' dir='ltr'>atque</span> <span class='ocrx_word' id='word_1_171' title='bbox 563 2718 645 2769; x_wconf 90' lang='lat' dir='ltr'>tace:</span> <span class='ocrx_word' id='word_1_172' title='bbox 666 2710 772 2770; x_wconf 90' lang='lat' dir='ltr'>donant</span> <span class='ocrx_word' id='word_1_173' title='bbox 792 2728 900 2771; x_wconf 90' lang='lat' dir='ltr'>arcana·</span> <span class='ocrx_word' id='word_1_174' title='bbox 919 2708 1077 2784; x_wconf 75' lang='lat' dir='ltr'>cylindros.</span> 
     </span>
    </p>

    <p class='ocr_par' dir='ltr' id='par_1_7' title="bbox 291 2791 1032 2869">
     <span class='ocr_line' id='line_1_28' title="bbox 291 2791 1032 2869; baseline 0.001 -18"><span class='ocrx_word' id='word_1_175' title='bbox 291 2791 338 2851; x_wconf 90' lang='lat' dir='ltr'>De</span> <span class='ocrx_word' id='word_1_176' title='bbox 361 2791 445 2851; x_wconf 91' lang='lat' dir='ltr'>nohis</span> <span class='ocrx_word' id='word_1_177' title='bbox 466 2800 533 2869; x_wconf 94' lang='lat' dir='ltr'>post</span> <span class='ocrx_word' id='word_1_178' title='bbox 553 2791 629 2852; x_wconf 90' lang='lat' dir='ltr'>haec</span> <span class='ocrx_word' id='word_1_179' title='bbox 649 2794 739 2852; x_wconf 93' lang='lat' dir='ltr'>tristis</span> <span class='ocrx_word' id='word_1_180' title='bbox 762 2795 904 2853; x_wconf 88' lang='lat' dir='ltr'>sententia</span> <span class='ocrx_word' id='word_1_181' title='bbox 925 2793 1032 2861; x_wconf 87' lang='lat' dir='ltr'>iertur;</span> 
     </span>
    </p>

    <p class='ocr_par' dir='ltr' id='par_1_8' title="bbox 290 2874 1054 2949">
     <span class='ocr_line' id='line_1_29' title="bbox 290 2874 1054 2949; baseline -0.001 -15"><span class='ocrx_word' id='word_1_182' title='bbox 290 2874 349 2935; x_wconf 88' lang='lat' dir='ltr'>Dat</span> <span class='ocrx_word' id='word_1_183' title='bbox 369 2876 483 2935; x_wconf 87' lang='lat' dir='ltr'>veniam</span> <span class='ocrx_word' id='word_1_184' title='bbox 504 2877 618 2949; x_wconf 89' lang='lat' dir='ltr'>corvis,</span> <span class='ocrx_word' id='word_1_185' title='bbox 640 2885 728 2935; x_wconf 85' lang='lat' dir='ltr'>vexat</span> <span class='ocrx_word' id='word_1_186' title='bbox 749 2894 872 2936; x_wconf 88' lang='lat' dir='ltr'>censura</span> <span class='ocrx_word' id='word_1_187' title='bbox 895 2875 1054 2937; x_wconf 88' lang='lat' dir='ltr'>columbas.</span> 
     </span>
    </p>

    <p class='ocr_par' dir='ltr' id='par_1_9' title="bbox 290 2956 1126 3204">
     <span class='ocr_line' id='line_1_30' title="bbox 355 2956 1126 3037; baseline 0.005 -20"><span class='ocrx_word' id='word_1_188' title='bbox 355 2956 503 3035; x_wconf 80' lang='lat' dir='ltr'>Fugerunt</span> <span class='ocrx_word' id='word_1_189' title='bbox 524 2959 630 3037; x_wconf 88' lang='lat' dir='ltr'>trepidi</span> <span class='ocrx_word' id='word_1_190' title='bbox 652 2977 722 3019; x_wconf 91' lang='lat' dir='ltr'>vera</span> <span class='ocrx_word' id='word_1_191' title='bbox 745 2977 781 3019; x_wconf 91' lang='lat' dir='ltr'>ac</span> <span class='ocrx_word' id='word_1_192' title='bbox 801 2959 953 3021; x_wconf 87' lang='lat' dir='ltr'>manifesta</span> <span class='ocrx_word' id='word_1_193' title='bbox 975 2968 1126 3021; x_wconf 89' lang='lat' dir='ltr'>canentem</span> 
     </span>
     <span class='ocr_line' id='line_1_31' title="bbox 291 3039 1072 3122; baseline 0.001 -19"><span class='ocrx_word' id='word_1_194' title='bbox 291 3042 457 3110; x_wconf 91' lang='lat' dir='ltr'>Stoicidae;</span> <span class='ocrx_word' id='word_1_195' title='bbox 488 3043 556 3122; x_wconf 87' lang='lat' dir='ltr'>quid</span> <span class='ocrx_word' id='word_1_196' title='bbox 579 3043 654 3102; x_wconf 93' lang='lat' dir='ltr'>enim</span> <span class='ocrx_word' id='word_1_197' title='bbox 673 3042 740 3102; x_wconf 90' lang='lat' dir='ltr'>lalsi</span> <span class='ocrx_word' id='word_1_198' title='bbox 761 3039 904 3103; x_wconf 79' lang='lat' dir='ltr'>Laronia?</span> <span class='ocrx_word' id='word_1_199' title='bbox 928 3041 981 3103; x_wconf 89' lang='lat' dir='ltr'>sed</span> <span class='ocrx_word' id='word_1_200' title='bbox 1004 3042 1072 3122; x_wconf 88' lang='lat' dir='ltr'>quid</span> 
     </span>
     <span class='ocr_line' id='line_1_32' title="bbox 290 3118 1012 3204; baseline 0 -19"><span class='ocrx_word' id='word_1_201' title='bbox 290 3125 357 3186; x_wconf 90' lang='lat' dir='ltr'>Non</span> <span class='ocrx_word' id='word_1_202' title='bbox 379 3118 487 3186; x_wconf 83' lang='lat' dir='ltr'>facient</span> <span class='ocrx_word' id='word_1_203' title='bbox 509 3128 572 3204; x_wconf 88' lang='lat' dir='ltr'><strong>alii,</strong></span> <span class='ocrx_word' id='word_1_204' title='bbox 596 3145 680 3204; x_wconf 90' lang='lat' dir='ltr'>quum</span> <span class='ocrx_word' id='word_1_205' title='bbox 702 3135 732 3187; x_wconf 94' lang='lat' dir='ltr'>tu</span> <span class='ocrx_word' id='word_1_206' title='bbox 754 3128 881 3187; x_wconf 91' lang='lat' dir='ltr'>multicia</span> <span class='ocrx_word' id='word_1_207' title='bbox 901 3144 1012 3201; x_wconf 84' lang='lat' dir='ltr'>sumas,</span> 
     </span>
    </p>

    <p class='ocr_par' dir='ltr' id='par_1_10' title="bbox 294 3208 1129 3289">
     <span class='ocr_line' id='line_1_33' title="bbox 294 3208 1129 3289; baseline 0 -20"><span class='ocrx_word' id='word_1_208' title='bbox 294 3208 430 3286; x_wconf 82' lang='lat' dir='ltr'>Cretico,</span> <span class='ocrx_word' id='word_1_209' title='bbox 452 3219 482 3270; x_wconf 92' lang='lat' dir='ltr'>et</span> <span class='ocrx_word' id='word_1_210' title='bbox 499 3211 573 3271; x_wconf 93' lang='lat' dir='ltr'>hanc</span> <span class='ocrx_word' id='word_1_211' title='bbox 595 3219 709 3270; x_wconf 90' lang='lat' dir='ltr'>vestem</span> <span class='ocrx_word' id='word_1_212' title='bbox 731 3212 842 3289; x_wconf 95' lang='lat' dir='ltr'>populo</span> <span class='ocrx_word' id='word_1_213' title='bbox 863 3212 984 3270; x_wconf 91' lang='lat' dir='ltr'>mirante</span> <span class='ocrx_word' id='word_1_214' title='bbox 1003 3226 1129 3288; x_wconf 87' lang='lat' dir='ltr'>perores</span> 
     </span>
    </p>

    <p class='ocr_par' dir='ltr' id='par_1_11' title="bbox 290 3287 1083 3454">
     <span class='ocr_line' id='line_1_34' title="bbox 290 3287 1083 3356; baseline 0.001 -2"><span class='ocrx_word' id='word_1_215' title='bbox 290 3293 324 3354; x_wconf 90' lang='lat' dir='ltr'>ln</span> <span class='ocrx_word' id='word_1_216' title='bbox 341 3287 484 3354; x_wconf 81' lang='lat' dir='ltr'>Proculas</span> <span class='ocrx_word' id='word_1_217' title='bbox 507 3305 536 3355; x_wconf 93' lang='lat' dir='ltr'>et</span> <span class='ocrx_word' id='word_1_218' title='bbox 557 3291 710 3355; x_wconf 81' lang='lat' dir='ltr'>Pollittas?</span> <span class='ocrx_word' id='word_1_219' title='bbox 739 3303 784 3355; x_wconf 91' lang='lat' dir='ltr'>est</span> <span class='ocrx_word' id='word_1_220' title='bbox 805 3294 929 3356; x_wconf 90' lang='lat' dir='ltr'>moecha</span> <span class='ocrx_word' id='word_1_221' title='bbox 948 3292 1083 3355; x_wconf 84' lang='lat' dir='ltr'>Fabulla:</span> 
     </span>
     <span class='ocr_line' id='line_1_35' title="bbox 290 3376 983 3454; baseline 0 -17"><span class='ocrx_word' id='word_1_222' title='bbox 290 3377 467 3453; x_wconf 88' lang='lat' dir='ltr'>Damnetur‚</span> <span class='ocrx_word' id='word_1_223' title='bbox 491 3381 516 3438; x_wconf 86' lang='lat' dir='ltr'>si</span> <span class='ocrx_word' id='word_1_224' title='bbox 537 3379 597 3454; x_wconf 86' lang='lat' dir='ltr'>vis,</span> <span class='ocrx_word' id='word_1_225' title='bbox 622 3380 707 3438; x_wconf 89' lang='lat' dir='ltr'>etiam</span> <span class='ocrx_word' id='word_1_226' title='bbox 730 3376 870 3439; x_wconf 87' lang='lat' dir='ltr'>Garlinia:</span> <span class='ocrx_word' id='word_1_227' title='bbox 896 3379 983 3439; x_wconf 90' lang='lat' dir='ltr'>talem</span> 
     </span>
    </p>

    <p class='ocr_par' dir='ltr' id='par_1_12' title="bbox 290 3460 1279 3623">
     <span class='ocr_line' id='line_1_36' title="bbox 290 3460 1279 3540; baseline 0.004 -18"><span class='ocrx_word' id='word_1_228' title='bbox 290 3461 358 3522; x_wconf 91' lang='lat' dir='ltr'>Non</span> <span class='ocrx_word' id='word_1_229' title='bbox 380 3470 473 3521; x_wconf 90' lang='lat' dir='ltr'>sumet</span> <span class='ocrx_word' id='word_1_230' title='bbox 495 3463 625 3524; x_wconf 89' lang='lat' dir='ltr'>damnata</span> <span class='ocrx_word' id='word_1_231' title='bbox 646 3471 753 3540; x_wconf 85' lang='lat' dir='ltr'>togam.</span> <span class='ocrx_word' id='word_1_232' title='bbox 768 3494 812 3510; x_wconf 89' lang='lat'>-·</span> <span class='ocrx_word' id='word_1_233' title='bbox 832 3460 891 3522; x_wconf 88' lang='lat' dir='ltr'>Sed</span> <span class='ocrx_word' id='word_1_234' title='bbox 913 3461 1002 3521; x_wconf 87' lang='lat' dir='ltr'>lulius</span> <span class='ocrx_word' id='word_1_235' title='bbox 1023 3461 1122 3538; x_wconf 89' lang='lat' dir='ltr'>ardet,</span> <span class='ocrx_word' id='word_1_236' title='bbox 1245 3470 1279 3526; x_wconf 81' lang='lat' dir='ltr'>to</span> 
     </span>
     <span class='ocr_line' id='line_1_37' title="bbox 291 3543 1091 3623; baseline 0 -18"><span class='ocrx_word' id='word_1_237' title='bbox 291 3543 676 3622; x_wconf 82' lang='lat' dir='ltr'>Aestuo.-Nudusagas:</span> <span class='ocrx_word' id='word_1_238' title='bbox 697 3546 963 3605; x_wconf 90' lang='lat' dir='ltr'>minusestiusania</span> <span class='ocrx_word' id='word_1_239' title='bbox 985 3545 1091 3623; x_wconf 80' lang='lat' dir='ltr'>turpis!</span> 
     </span>
    </p>

    <p class='ocr_par' dir='ltr' id='par_1_13' title="bbox 290 3628 1048 3707">
     <span class='ocr_line' id='line_1_38' title="bbox 290 3628 1048 3707; baseline -0.001 -18"><span class='ocrx_word' id='word_1_240' title='bbox 290 3629 336 3689; x_wconf 88' lang='lat' dir='ltr'>En</span> <span class='ocrx_word' id='word_1_241' title='bbox 358 3629 502 3704; x_wconf 84' lang='lat' dir='ltr'>habitum,</span> <span class='ocrx_word' id='word_1_242' title='bbox 523 3645 580 3707; x_wconf 87' lang='lat' dir='ltr'>quo</span> <span class='ocrx_word' id='word_1_243' title='bbox 603 3637 632 3688; x_wconf 91' lang='lat' dir='ltr'>te</span> <span class='ocrx_word' id='word_1_244' title='bbox 655 3629 740 3705; x_wconf 83' lang='lat' dir='ltr'>leges</span> <span class='ocrx_word' id='word_1_245' title='bbox 762 3648 797 3690; x_wconf 91' lang='lat' dir='ltr'>ac</span> <span class='ocrx_word' id='word_1_246' title='bbox 820 3631 883 3689; x_wconf 92' lang='lat' dir='ltr'>iura</span> <span class='ocrx_word' id='word_1_247' title='bbox 904 3628 1048 3689; x_wconf 83' lang='lat' dir='ltr'>ferentem</span> 
     </span>
    </p>

    <p class='ocr_par' dir='ltr' id='par_1_14' title="bbox 289 3710 1097 3792">
     <span class='ocr_line' id='line_1_39' title="bbox 289 3710 1097 3792; baseline 0.004 -20"><span class='ocrx_word' id='word_1_248' title='bbox 289 3710 468 3774; x_wconf 86' lang='lat' dir='ltr'>Vulneribus</span> <span class='ocrx_word' id='word_1_249' title='bbox 491 3713 586 3774; x_wconf 86' lang='lat' dir='ltr'>erudis</span> <span class='ocrx_word' id='word_1_250' title='bbox 607 3713 733 3792; x_wconf 90' lang='lat' dir='ltr'>populus</span> <span class='ocrx_word' id='word_1_251' title='bbox 754 3714 841 3775; x_wconf 89' lang='lat' dir='ltr'>modo</span> <span class='ocrx_word' id='word_1_252' title='bbox 861 3714 955 3774; x_wconf 87' lang='lat' dir='ltr'>victor</span> <span class='ocrx_word' id='word_1_253' title='bbox 975 3721 1005 3774; x_wconf 92' lang='lat' dir='ltr'>et</span> <span class='ocrx_word' id='word_1_254' title='bbox 1026 3713 1097 3775; x_wconf 94' lang='lat' dir='ltr'>illud</span> 
     </span>
    </p>
   </div>
   <div class='ocr_carea' id='block_1_3' title="bbox 0 0 1638 4409">
    <p class='ocr_par' dir='ltr' id='par_1_15' title="bbox 0 0 1638 4409">
     <span class='ocr_line' id='line_1_40' title="bbox 0 0 1638 4409; baseline 0 2"><span class='ocrx_word' id='word_1_255' title='bbox 0 0 1638 4409; x_wconf 95' lang='lat' dir='ltr'> </span> 
     </span>
    </p>
   </div>
  </div>
 </body>
</html>
