3267 4409
326 461 386 526 272
644 458 690 524 Μ.
705 458 797 523 VAL.
812 455 1037 521 MARTIALIS
1134 478 1137 483 ·

371 616 373 623 ’
409 615 451 678 nt·
464 631 540 676 voce
554 617 640 674 certa
654 613 836 690 consciaque
852 609 992 690 dicebat,

375 734 380 742 -
408 699 492 760 Puer
507 718 545 758 an
557 695 663 778 puella
675 698 782 757 matris
797 702 881 756 esset
891 697 924 755 in
940 700 1066 755 ventre:
1251 772 1256 780 .

408 817 451 829 -
466 781 607 843 Gaudete
624 781 733 855 cunni;
752 785 856 840 vestra
871 797 1002 858 namque
1016 795 1068 838 res
1083 781 1151 839 acta
1166 782 1215 840 est
1227 812 1270 827 -

368 878 403 930 10
409 867 558 945 Arrigere
572 866 705 944 linguam
718 883 781 923 non
794 869 900 943 potest
913 863 1100 924 fututricem.

408 951 485 1011 Nam
500 949 570 1010 dum
586 949 717 1009 tumenti
730 951 850 1007 mersus
864 949 974 1006 haeret
986 947 1019 1006 in
1032 943 1118 1006 vulva

408 1034 451 1095 Et
465 1035 621 1112 vagientes
635 1035 717 1092 intus
732 1030 817 1091 audit
830 1032 980 1108 infantes,

409 1117 534 1187 Partem
551 1115 686 1196 gulosam
701 1113 791 1176 solvit
804 1114 951 1175 indecens
966 1113 1099 1176 morbus.
1114 1164 1117 1169 .

411 1201 476 1262 Nec
490 1220 585 1282 purus
599 1218 668 1262 esse
682 1219 763 1260 nuno
777 1204 882 1280 potest
898 1217 956 1258 uec
969 1199 1115 1279 impurus.

801 1345 891 1406 LXII.
1014 1366 1021 1377 ‘

411 1460 523 1521 Lesbia
537 1479 571 1520 se
585 1461 667 1521 iurat
680 1461 774 1538 gratis
787 1477 940 1538 nunquam
956 1441 1024 1517 esse
1038 1457 1178 1520 fututam.

354 1553 365 1569 ‘
453 1545 570 1607 Verum
585 1551 642 1606 est.
673 1545 750 1606 Cum
762 1544 842 1603 futui
857 1541 938 1620 volt,
957 1559 1119 1603 nmncrare
1136 1541 1225 1611 solet.

793 1691 897 1753 Lx111.
955 1706 963 1743 1

412 1811 541 1893 Spectas
557 1828 633 1888 nos,
650 1806 846 1887 Philomuse,
869 1827 936 1868 cum
950 1806 1102 1890 lavamur,

411 1897 454 1958 Et
468 1913 562 1976 quare
578 1895 652 1955 mibi
666 1900 727 1954 tam
740 1894 902 1953 mutuniati

413 1981 483 2042 Sint
495 1979 581 2041 leves
594 1980 701 2060 pueri,
722 1976 852 2038 subinde
869 1977 1000 2056 quaeris.

358 2074 363 2081 '
412 2065 520 2126 Dicam
533 2063 716 2146 simpliciter
729 2064 786 2123 tibi
800 2063 936 2141 roganti:

341 2218 346 2223 ,
391 2149 596 2229 5Paedicunt,
617 2146 812 2227 Philomuse,
835 2147 979 2208 curiosos.

795 2295 902 2358 LXIV.

411 2408 523 2470 Nescio
541 2416 602 2470 tam
616 2408 721 2470 multis
737 2408 811 2490 quid
825 2410 959 2488 scribas,
979 2401 1111 2488 Fausta,
1132 2409 1263 2493 puellisa

454 2493 522 2553 Hoc
538 2496 619 2574 scio,
641 2493 725 2574 quod
738 2494 848 2555 scribit
864 2492 948 2554 nulla
960 2491 1066 2574 puella
1075 2496 1149 2558 tibi.
1188 2494 1195 2504 “
1229 2532 1232 2537 -

795 2640 888 2706 nxv.
907 2610 910 2614 ’

348 2754 358 2766 '
414 2751 556 2813 Sescenti
570 2756 682 2813 cenant
696 2774 713 2813 a
728 2759 778 2834 te,
801 2756 933 2836 iustine,
954 2759 1053 2819 vocati
1145 2754 1152 2760 ’

453 2838 545 2898 Lucis
560 2836 599 2898 ad
614 2838 748 2898 officium
762 2859 840 2920 quae
856 2843 914 2901 tibi
928 2843 1027 2922 prima
1040 2842 1109 2905 init.

410 2922 496 2982 Inter
514 2941 606 3004 qnos,
627 2924 768 3003 memini,
788 2944 850 2985 non
865 2923 990 2986 ultimus
1006 2945 1075 2987 esse
1088 2924 1242 3004 solebam3
1284 2918 1288 2930 ’

451 3007 518 3067 Nec
531 3005 619 3067 locus
632 3007 684 3067 bic
697 3009 786 3069 nobis
799 3009 968 3070 invidiosos
983 3018 1060 3072 erat.

391 3090 545 3152 5Postera
558 3089 615 3151 sed
627 3091 727 3152 festae
739 3092 846 3154 reddis
862 3092 1024 3155 sollemnia
1035 3113 1176 3156 mensaca

453 3175 611 3236 Sescentis
624 3174 735 3256 hodie,
756 3198 824 3239 cras
839 3179 914 3239 mihi
929 3185 1019 3240 natus
1033 3181 1106 3251 eris.

792 3328 900 3391 LXVI.

408 3441 451 3502 Et
466 3439 586 3503 delator
601 3463 635 3505 es
649 3451 682 3505 et
696 3443 913 3526 calumniator,

407 3525 453 3585 Et
461 3526 620 3588 fraudator
635 3547 669 3589 es
687 3535 720 3588 et
735 3531 926 3609 negotiator,

407 3609 451 3670 Et
462 3608 592 3672 fellator
607 3631 640 3672 es
655 3619 688 3673 et
701 3612 821 3676 lanista.
851 3615 952 3676 Miror

408 3693 510 3769 Quare
524 3715 585 3755 non
599 3697 728 3777 habeas,
749 3698 902 3779 Vacerra,
920 3718 1067 3767 nummos.
