3267 4409
369 459 459 509 xvm
677 470 679 477 ·
758 454 967 505 Picentium.

369 603 529 677 disputatione
541 599 715 658 emendandum
732 608 782 669 eet,
800 608 862 657 utv.
875 605 924 665 75,
941 601 966 655 in
983 617 1031 673 quo
1047 605 1106 663 tune
1116 607 1219 675 uterque
1228 602 1355 677 vulgamus

368 690 497 747 lectionem
506 686 671 758 sequebamur,
683 687 731 740 iam
741 701 797 740 cum
808 685 890 739 Iabnio
905 685 1012 741 hlercerii
1022 687 1142 742 medelam
1152 687 1260 758 amplexi
1271 686 1354 747 Ombi-

368 780 447 829 tarum
464 779 489 827 et
500 770 674 843 Tentyritarum
698 775 778 840 partes
794 774 972 839 permutemus,
994 778 1116 842 quumque
1132 771 1188 827 illos
1203 772 1355 829 crocodilum

369 857 485 921 coluisse,
496 856 541 911 hos
552 854 716 925 perhorruisse
728 860 821 908 certum
832 854 876 917 sit,
889 853 985 908 illorum
995 855 1076 923 potius
1088 854 1154 935 dienq
1164 854 1257 911 festum
1267 856 1299 911 ah
1309 857 1353 924 hia,

368 957 416 996 non
435 941 520 996 bonnm
542 939 629 997 abillis
643 938 766 993 turbatum
780 935 979 1008 nequeOmbitas
992 937 1145 1010 aTentyritis
1160 939 1204 995 sed
1217 939 1354 1013 Tentyritae

368 1024 398 1080 ab
406 1023 509 1081 Ombitis
519 1025 617 1096 fugatos
628 1037 681 1077 esse
690 1027 837 1084 statuamus;
851 1022 885 1076 ita
894 1036 951 1076 vero
961 1020 1032 1076 etiam
1043 1022 1190 1093 probabilior
1200 1029 1290 1093 poetae
1300 1040 1353 1081 nar·

367 1109 428 1164 ratio
440 1109 534 1173 existet,
546 1123 592 1178 qua
603 1113 730 1177 postquam
741 1107 875 1161 universam
883 1104 1056 1177 Aegyptiarum
1071 1106 1219 1178 religionum
1236 1107 1353 1165 insaniam

367 1193 459 1248 notauit
470 1193 507 1259 (v.
521 1193 652 1260 1-ae)‚
669 1196 793 1244 cruentam
802 1190 879 1244 rixam
898 1204 929 1243 ex
939 1189 1029 1244 mutuis
1045 1191 1175 1245 earundem
1192 1190 1257 1247 ediis
1272 1193 1353 1249 oriun-

368 1278 422 1333 dam
433 1276 531 1346 exponit
542 1276 578 1343 (v.
588 1279 622 1333 nt
629 1277 740 1345 -76)‚
761 1274 830 1330 cuins
841 1272 880 1349 h'qe
891 1274 970 1329 exitiis
980 1273 1066 1338 suerit,
1079 1281 1107 1329 ut
1117 1274 1222 1330 victores
1233 1291 1353 1335 unumex

368 1361 444 1428 uictis,
459 1375 531 1432 quem
541 1361 622 1415 ninum
633 1358 759 1429 cepissent,
774 1358 885 1415 manhns
897 1359 947 1415 suis
958 1358 1105 1429 discerptum
1115 1357 1259 1415 devorarent
1270 1360 1309 1428 (n.
1318 1364 1351 1423 π

367 1447 463 1514 —92)
482 1458 557 1516 eaque
567 1459 594 1498 re
604 1444 697 1498 facinus
715 1444 826 1510 ederent,
845 1443 884 1497 cni
901 1442 1030 1497 similc'vix
1047 1443 1151 1497 serarum
1168 1444 1285 1515 gentium
1301 1460 1352 1501 me·

367 1529 444 1583 moria
460 1528 583 1584 dirissimis
599 1526 749 1598 temporibus
765 1532 848 1582 nosset
869 1526 905 1593 (v.
922 1529 1090 1597 93-115),
1107 1525 1286 1584 humanitatem
1296 1544 1352 1585 vero

367 1611 432 1683 quod
450 1612 528 1682 magis
544 1612 644 1667 uiolaret
660 1611 758 1666 inveniri
777 1611 836 1668 nihil
856 1616 939 1682 posset
961 1608 1003 1677 (v.
1016 1614 1112 1669 116-
1123 1613 1204 1681 174).
1234 1611 1352 1669 Incertior

366 1700 449 1751 accim
459 1696 563 1751 deciam
576 1695 646 1766 origo
663 1701 711 1759 est,
730 1710 802 1766 quam
812 1695 854 1767 qui
872 1694 1027 1765 explodereut
1045 1694 1211 1767 luvenalisquc
1227 1710 1284 1753 ease
1300 1696 1352 1755 nol-

367 1780 431 1843 lent,
449 1780 498 1834 iam
509 1779 636 1835 scholiasta
647 1779 726 1842 novit;
738 1779 838 1834 eandem
848 1783 929 1834 tamen
945 1776 966 1833 si
976 1777 1112 1835 inchoatam
1128 1794 1177 1835 non
1189 1779 1351 1839 absolulama

366 1869 438 1935 poeta
448 1869 580 1918 statuamus
590 1908 597 1929 ,
608 1877 639 1917 ne
650 1863 713 1920 illins
724 1863 820 1934 quidem
830 1862 922 1934 ingenii
932 1863 1041 1935 vestigiis
1051 1877 1132 1919 carere
1142 1865 1203 1919 scite
1213 1864 1245 1922 G.
1257 1864 1351 1923 Νι·

366 1947 471 2004 berusin
481 1947 511 2004 N.
524 1947 607 2004 huual.
620 1951 687 2005 1841
698 1947 725 2002 Τ.
738 1946 842 2011 xxxii,
855 1962 879 2016 p.
890 1952 943 2005 150
952 1962 1004 2018 sqq.
1016 1945 1190 2004 animadvertit.
1217 1948 1280 2021 igit
1288 1950 1350 2007 enin

367 2032 398 2089 de
408 2032 541 2088 commodis
551 2033 612 2087 vitae
622 2031 744 2098 mihtin-is,
759 2031 802 2085 sed
813 2031 846 2085 ita
856 2036 884 2085 ut
894 2031 956 2086 inter
965 2030 1089 2087 simulatas
1098 2031 1169 2087 huius
1186 2032 1350 2105 laudeeprae·

367 2116 437 2186 cipue
453 2117 510 2171 iuris
527 2117 676 2188 iniquitatem
693 2115 827 2179 describat,
845 2130 892 2186 qua
909 2115 998 2187 pagani
1016 2130 1073 2171 cum
1090 2114 1208 2172 militibus
1218 2118 1350 2191 comparati

365 2200 546 2273 premebantur;
558 2200 622 2272 quod
632 2200 678 2255 nisi
685 2200 739 2272 quis
751 2199 840 2256 aeone
849 2200 996 2255 mentionem
1002 2215 1026 2254 v.
1033 2203 1071 2259 ila
1080 2200 1144 2255 senis
1150 2206 1240 2271 poetae
1249 2218 1350 2275 porsom

365 2286 493 2343 abhorrere
510 2285 642 2351 censuerit,
665 2299 742 2356 neque
757 2284 781 2339 in
798 2290 943 2356 argumento
966 2298 1044 2356 neque
1060 2285 1085 2339 iu
1100 2284 1255 2356 singularum
1269 2302 1349 2345 renum

365 2371 507 2427 tractatione
518 2369 648 2442 quidquam
658 2369 775 2436 inveniet,
787 2367 852 2440 quod
862 2368 934 2424 scribi
949 2367 978 2425 ab
995 2368 1043 2424 hoc
1052 2369 1160 2440 potuisse
1170 2377 1241 2427 recte
1250 2376 1334 2445 neget

450 2453 567 2508 luvenalis
583 2452 669 2508 satiras
679 2453 833 2523 sequentibus
850 2467 945 2525 quoque
957 2452 1045 2508 sconis
1060 2452 1180 2523 placuisse
1190 2454 1284 2529 insigni
1293 2456 1349 2513 hm·

366 2536 439 2590 miani
448 2534 579 2591 hlarcelliui
590 2535 727 2590 testimonio
739 2537 923 2608 cognoscimus,
935 2537 976 2609 qui
985 2536 1091 2593 XXVlll.
1102 2540 1121 2594 4
1135 2538 1174 2593 nel
1186 2538 1228 2611 qui
1244 2540 1350 2613 aioqnin

367 2617 490 2674 dechirtue
504 2619 823 2688 tavenencdeteslcrentur,
839 2618 973 2678 Invenolen
988 2618 1349 2693 caminiecensem

366 2701 427 2758 tiore
437 2701 516 2757 recolo
528 2702 604 2776 lepore
614 2709 705 2767 narrat,
724 2704 791 2760 ando
809 2705 930 2762 oolacnhna
940 2712 1039 2778 praeter
1053 2705 1111 2761 baec
1127 2705 1291 2780 inprofimo
1302 2708 1349 2765 oio

366 2790 549 2850 marcennae
565 2802 611 2842 nec
626 2787 647 2842 si
663 2785 707 2843 hos
724 2789 788 2845 idem
806 2790 953 2860 turpitudine
970 2790 1050 2861 potius
1066 2796 1271 2862 mgumeutomm
1285 2792 1349 2849 aditi

365 2869 486 2941 significat
497 2870 580 2945 (quom
590 2870 619 2927 ob
629 2888 731 2939 catenen
742 2890 791 2930 awa
801 2873 910 2955 edient
919 2880 955 2929 eat
963 2874 1062 2945 metat),
1075 2874 1135 2931 alies
1145 2876 1272 2933 wedrico
1280 2876 1349 2933 dam

360 2953 477 3027 pomnen
495 2956 520 3011 in
538 2971 567 3012 eo
579 2955 725 3013 desiderasse
741 2958 847 3013 ostendit
865 2956 1138 3018 Ruti.Namat.1tiner.
1155 2958 1176 3016 1.
1187 2962 1257 3025 6⁰43
1273 2960 1348 3019 imme

363 3053 395 3095 ne
403 3038 470 3094 taciti
480 3040 575 3111 quidem
586 3041 690 3097 nominis
702 3044 870 3098 auctoritatem
888 3042 994 3098 eruditos
1004 3042 1098 3115 fugisse
1107 3038 1248 3101 biacrobiue
1258 3044 1347 3119 arguit,

363 3121 495 3194 quiSomn.
507 3122 622 3194 septe
632 3125 739 3181 decimae
748 3127 835 3182 satirae
844 3126 918 3184 verba
927 3127 1020 3183 cedat
1028 3125 1111 3193 earet
1124 3127 1348 3200 epictetilriltam·

362 3222 434 3279 quam
444 3208 520 3280 vulgo
536 3211 1099 3283 uotausurpat3utq1egrammaticosmittam,
1112 3212 1186 3268 etlam
1196 3212 1279 3271 medio
1289 3228 1347 3271 aare

362 3305 437 3362 quum
453 3292 483 3347 ab
501 3293 552 3348 aliis
567 3294 738 3365 scriptoribus,
758 3295 824 3351 Beda
835 3295 981 3362 Venerabili,
999 3295 1159 3367 Liutprando,
1178 3296 1275 3355 Adanu
1288 3298 1347 3355 Bre-

362 3375 438 3430 mensi
449 3377 538 3445 passim
549 3378 665 3443 laudahrr,
677 3384 729 3433 tum
741 3378 1030 3435 aloanneSarisherieusi
1045 3379 1079 3435 ita
1088 3378 1140 3435 iere
1150 3388 1310 3452 memorabar,
1320 3386 1348 3441 ul

361 3457 465 3528 simplici
485 3460 556 3516 ethici
571 3463 669 3517 nonine
679 3463 755 3534 vulgo
777 3470 863 3520 notum
879 3464 954 3520 inisse
968 3463 1143 3536 inteligamus.
1175 3462 1268 3523 teon
1283 3466 1346 3523 nim

361 3553 418 3596 nero
430 3542 476 3597 hos
483 3559 567 3601 omnes
577 3562 626 3601 non
636 3562 806 3619 usquequaque
813 3547 1050 3606 eundemverbonrm
1057 3553 1168 3605 oenorem
1177 3546 1279 3621 legime,
1288 3566 1346 3623 ‹pua-

361 3622 391 3678 lis
407 3638 438 3678 en
449 3633 535 3695 poetae
545 3630 654 3685 manibus
663 3631 804 3700 prodisset,
823 3633 896 3688 certis
910 3630 1020 3704 vestigiis
1038 3636 1146 3695 constat:
1163 3648 1228 3705 quiae
1243 3632 1346 3691 dnhitan‘

362 3721 411 3762 non
422 3708 504 3764 sinunt
515 3713 571 3782 quin
587 3713 659 3767 etium
675 3722 770 3784 praeter
786 3716 871 3772 solitos
888 3715 1040 3771 librariorum
1055 3730 1162 3781 errores,
1178 3732 1287 3789 quarum
1299 3718 1345 3775 iam

352 3791 541 3868 pahinpsestum
563 3797 724 3875 antiquissimi
739 3800 830 3858 codic-is
851 3801 1015 3874 iragmeutum
1038 3800 1103 3873 apud
1117 3800 1184 3875 ing.
1206 3800 1343 3861 buda

980 4066 1090 4102 *-
