3267 4409
661 473 698 522 D.
719 473 790 523 mtt.
812 473 998 523 Iuventus

590 807 592 810 Ι
653 706 986 785 urrunnun

328 823 446 925 Natali,
474 848 616 927 Corvine,
640 849 688 913 dic
707 851 775 915 mibi
798 852 911 913 dulcior
934 851 1008 914 baca
1032 853 1093 930 lux,

331 940 395 1014 Qua
416 936 508 996 iestus
531 935 673 1014 promissa
696 935 758 996 deis
780 937 912 1008 animalia
933 954 1040 1015 cespes
1094 943 1097 949 ’

330 1023 502 1100 Exspectat.
534 1018 662 1083 Niveam
675 1021 794 1097 reginae
818 1021 947 1083 ducimus
969 1039 1081 1098 aguam,

329 1109 384 1169 Par
405 1104 500 1165 vellus
523 1102 637 1164 dabitur
658 1107 794 1182 pugnanti
816 1104 953 1182 Gorgone
973 1103 1087 1174 Maura;

329 1191 389 1253 Sed
412 1188 514 1267 procui
537 1196 687 1248 extensum
711 1189 845 1265 petulans
868 1189 958 1267 quatit
978 1188 1071 1249 hostia
1092 1189 1187 1249 funem
1292 1201 1309 1253 5

330 1273 455 1352 Tarpeio
478 1281 592 1332 servata
616 1272 680 1334 lovi
703 1271 887 1350 frontemque
909 1280 1070 1348 coruscat.

330 1358 447 1436 Quippe
472 1356 557 1417 iercx
577 1356 703 1431 vitulus,
732 1357 848 1435 templis
871 1365 998 1417 maturus
1021 1365 1050 1416 et
1075 1374 1143 1416 arae

330 1440 578 1520 spargendusque
603 1453 705 1515 mero‚'
725 1449 811 1520 quern¹
832 1441 888 1500 iam
910 1440 1000 1519 pudet
1020 1439 1112 1501 ubera
1133 1443 1230 1502 matris

329 1524 464 1600 Ducere,
491 1524 538 1602 tpri
558 1532 645 1584 uexat
667 1527 798 1584 nascenti
820 1523 927 1584 robora
949 1541 1047 1583 ccrnu.

329 1609 361 1669 Si
383 1626 431 1666 res
455 1607 548 1684 ampla
572 1607 647 1667 domi
668 1608 827 1686 similisque
851 1607 1001 1668 affectibus
1025 1617 1114 1685 esset,
1277 1623 1310 1674 10

329 1692 465 1768 Pinguior
487 1689 618 1768 Hispulla
640 1691 802 1751 traheretur
824 1701 922 1751 taurus
946 1700 975 1750 et
998 1693 1061 1770 ipsa

328 1775 407 1836 bicle
430 1775 515 1853 piger
535 1791 591 1833 nec
609 1773 728 1833 finitima
749 1776 869 1834 nutritus
891 1775 920 1833 in
941 1773 1042 1849 herba,

328 1859 416 1920 Laeta
438 1857 492 1918 scd
515 1857 671 1918 ostendens
695 1855 828 1919 Clitumni
851 1876 959 1936 pascua
986 1859 1103 1933 sanguis
1167 1876 1172 1909 -·
1233 1890 1239 1897 ·

329 1942 388 2004 lret
410 1951 440 2002 et
461 1960 477 2001 a
498 1942 600 2019 grandi
623 1943 724 2001 cervix
745 1942 877 2002 ferienda
900 1941 1040 2017 ministro,

329 2025 374 2087 0b
396 2026 518 2086 reditum
540 2026 709 2104 trepidantis
732 2025 824 2087 adbuc
845 2024 1046 2104 horrendaque
1069 2028 1149 2106 passi

328 2110 430 2189 Nuper
452 2118 480 2169 et
502 2109 675 2170 incolumem
697 2128 765 2171 sese
786 2111 913 2180 mirantis
935 2110 1028 2170 amici.

328 2193 401 2256 Nam
422 2201 539 2271 praeter
563 2193 661 2272 pelagi
684 2210 769 2254 casus
792 2204 822 2255 ct
846 2194 969 2254 fulminis
991 2195 1064 2255 ictus

328 2277 444 2338 Evasit:
479 2277 587 2339 densae
610 2277 725 2338 coelum
748 2276 930 2339 abscondere
957 2277 1095 2352 tenebrae

305 2394 307 2398 ·
327 2361 411 2422 Nube
437 2378 492 2421 una
518 2361 688 2440 subitusque
711 2371 859 2423 antemnas
882 2361 994 2442 impuiit
1015 2363 1100 2440 iguis,

330 2444 422 2518 Quum
445 2462 478 2504 se
502 2446 623 2522 quisque
646 2446 697 2506 iilo
719 2464 890 2525 percussum
913 2446 1048 2508 crederet
1073 2456 1102 2509 et
1121 2464 1189 2509 mcx

329 2528 475 2588 Attonitus
499 2528 607 2588 nulium
629 2529 756 2591 conferri
778 2548 868 2610 posse
892 2540 1006 2609 putaret

327 2610 514 2688 Naufragium
535 2611 609 2670 veiis
632 2613 807 2674 ardentibus.
843 2613 943 2676 Omnia
965 2615 1034 2675 bunt

329 2694 426 2771 Talia,
449 2703 506 2755 tam
527 2697 671 2772 graviter,
694 2699 719 2757 si
741 2697 857 2776 quando
876 2700 992 2777 poetica
1013 2696 1103 2775 surgit

329 2778 511 2858 Tempestas.
546 2777 641 2841 Genus
663 2799 736 2842 ecce
758 2782 835 2843 aiiud
858 2782 1028 2844 discriminis
1050 2781 1114 2847 audi

327 2861 365 2923 Et
388 2865 528 2923 miserere
548 2865 666 2942 iterum,
691 2884 861 2945 quamquam
883 2869 939 2927 sint
961 2875 1061 2929 cetera
1083 2867 1171 2929 sortis

327 2945 466 3007 Eiusdem
489 2965 556 3026 pars
578 2948 639 3010 dira
660 2951 795 3030 quidem,
820 2951 872 3012 sed
896 2952 1013 3028 cognita
1036 2951 1132 3016 multis

327 3029 366 3091 Et
388 3049 471 3110 quam
492 3033 590 3093 votiva
612 3043 753 3095 testantur
774 3035 840 3095 iana
863 3034 973 3097 tabella
1074 3082 1078 3089 .

328 3114 467 3184 Plurima3
490 3118 619 3194 pictores
641 3119 705 3196 quis
726 3119 821 3179 nescit
843 3118 878 3178 ab
901 3117 978 3179 iside
1001 3117 1105 3198 pasci?

328 3198 444 3260 Accidit
468 3208 497 3259 et
517 3208 618 3261 nostro
642 3203 743 3262 similis
766 3202 880 3262 fortuna
902 3199 1027 3264 Catullo.
1138 3267 1140 3271 ,

328 3281 421 3355 Quum
442 3283 545 3362 plenus
568 3283 655 3345 ductu
675 3285 786 3346 medius
804 3286 882 3347 ieret
903 3284 1003 3346 alveus
1026 3296 1056 3348 et
1076 3289 1142 3366 iam,

327 3365 478 3447 Alternum
501 3369 606 3446 puppis
629 3369 704 3428 latus
730 3368 927 3451 evertentibup
953 3370 1035 3430 undis

327 3446 452 3510 Arboris
473 3452 618 3528 incertae,
641 3452 745 3515 nullam
770 3453 920 3533 prudentia
943 3453 1006 3512 cani
1072 3459 1082 3479 ·

327 3531 462 3592 Rectcris
484 3535 632 3595 conferret
653 3552 754 3615 opem,
779 3536 917 3597 decidere
939 3536 1014 3596 iactu

328 3613 434 3693 Gcepit
457 3635 520 3677 cum
541 3621 651 3694 ventis,
674 3621 798 3680 imitatus
823 3629 954 3695 castora,
982 3621 1030 3698 qui
1053 3639 1085 3680 se
1177 3627 1181 3632 '

327 3697 495 3761 Eunuchum
517 3702 580 3781 ipsc
603 3703 689 3780 iacit,
715 3705 835 3783 cupiens
859 3703 985 3765 evadere
1008 3705 1109 3764 damno
