3267 4409
683 460 808 509 SA'HRA
831 460 908 510 v111.

323 605 518 683 incertaeque
541 601 600 677 rei,
624 600 754 662 Phalaris
776 601 847 661 licet
870 602 994 681 imperet
1016 610 1047 662 ut
1069 602 1109 662 sis

323 690 428 750 Falsus
452 697 480 746 et
504 687 619 747 admoto
648 685 738 744 dictet
761 686 888 763 periuria
913 696 1006 762 tauro,

324 777 469 835 Summum
498 771 588 831 crede
614 769 698 831 nefas
720 771 840 829 animam
866 771 1019 849 praeferre
1042 769 1149 850 pudori

324 858 363 918 Et
387 866 510 935 propter
534 857 621 915 vitam
643 855 759 914 vivendi
781 853 908 932 perdere
931 872 1044 915 causas.

323 942 437 1019 Dignus
457 949 550 1001 morte
573 939 665 1017 perit,
689 947 794 998 coenet
817 937 888 997 licet
910 949 1009 999 ostrea
1031 946 1145 1000 centum

325 1027 457 1088 Gaurana
485 1033 514 1084 et
541 1022 639 1084 Cosmi
662 1031 723 1081 toto
749 1033 897 1098 mergatur
919 1041 1004 1085 aeno.

323 1110 504 1188 Exspectata
531 1109 579 1168 diu
602 1107 716 1168 tandem
741 1109 891 1185 provincia
913 1126 999 1186 quum
1021 1117 1051 1169 te

324 1195 484 1254 Rectorem
509 1193 650 1271 accipiet,
674 1208 751 1269 pone
771 1193 832 1251 irae
856 1190 938 1252 frena
962 1192 1146 1271 modumque,
1227 1220 1231 1226 ·

324 1278 405 1339 Pone
430 1285 460 1337 et
482 1278 636 1351 avaritiae,
659 1276 802 1336 miserere
824 1277 941 1354 inopum
964 1278 1130 1337 sociorum:

325 1361 401 1421 Ossa
418 1361 503 1422 vides
525 1379 622 1421 rerum
646 1361 746 1420 vacuis
769 1369 890 1421 exsucta
912 1361 1057 1421 medullis.
1134 1354 1138 1359 ’
1276 1367 1311 1421 90

324 1445 471 1525 Respice,
497 1445 566 1524 quid
587 1452 722 1504 moneant
743 1443 845 1521 leges,
868 1445 936 1522 quid
961 1446 1039 1505 curia
1059 1443 1186 1520 mandet,

323 1530 456 1590 Praemia
480 1538 584 1608 quanta
607 1528 703 1588 bonos
724 1537 875 1605 maneant,
900 1548 984 1608 quam
1004 1528 1121 1589 fulmine
1144 1529 1219 1588 iusto

323 1613 363 1674 Et
387 1612 490 1692 Capito
517 1622 547 1673 et
570 1611 701 1673 Numitor
723 1614 849 1689 ruerint,
874 1613 1025 1674 damnante
1048 1621 1160 1690 senatu,

324 1700 440 1760 Piratae
469 1696 600 1758 Cilicum.
641 1697 700 1758 Sed
722 1697 790 1776 quid
816 1697 958 1757 damnatio
983 1693 1120 1759 coniert‘l
1146 1693 1148 1697 ’

324 1784 521 1857 Praeconem,
544 1780 729 1861 Chaerippo,
752 1782 808 1841 tuis
830 1783 1024 1860 circumspice
1048 1782 1160 1859 pannis,
1280 1782 1314 1835 95

325 1866 420 1940 Quum
443 1865 536 1926 Pansa
558 1867 678 1944 eripiat3
705 1865 843 1944 quidquid
867 1864 919 1925 tibi
941 1865 1026 1926 Natta
1048 1864 1177 1942 reliquit,

324 1952 443 2027 lamque
467 1959 548 2018 tace;
571 1951 652 2010 iuror
676 1958 721 2009 est
743 1959 810 2027 post
835 1951 930 2008 omnia
953 1951 1080 2028 perdere
1105 1948 1228 2007 naulum.

324 2034 392 2095 Non
413 2035 488 2093 idem
508 2035 634 2111 gemitus
658 2033 726 2094 olim
749 2051 847 2111 neque
869 2033 972 2094 vulnus
999 2042 1060 2093 erat
1084 2050 1136 2109 par

325 2118 521 2194 Damnorum,
547 2119 636 2177 sociis
658 2116 830 2178 florentibus
852 2125 881 2175 et
902 2117 989 2177 modo
1013 2116 1107 2176 victis.

324 2203 416 2263 Plena
441 2202 543 2262 domus
565 2211 633 2262 tunc
653 2203 761 2277 omnis,
785 2209 814 2260 et
836 2202 939 2278 ingens
961 2200 1055 2261 stabat
1077 2216 1200 2259 acervus
1263 2209 1314 2261 100

324 2286 528 2361 Nummorum,
554 2287 695 2364 Spartana
718 2285 864 2361 chlamys,
891 2285 1044 2361 conchylia
1067 2281 1138 2361 Coa,

325 2369 365 2431 Et
389 2388 452 2430 cum
477 2369 620 2431 Parrhasii
642 2368 748 2431 tabulis
773 2371 922 2448 signisque
946 2369 1075 2445 lllyronis

325 2455 494 2516 Phidiacum
514 2454 633 2515 vivebat
653 2454 744 2530 ebur,
763 2467 830 2513 'nec
853 2472 911 2515 non
933 2454 1066 2531 Polycliti

325 2538 433 2599 blultus
458 2539 565 2616 ubique
588 2538 688 2605 labor:
714 2556 797 2599 rarae
820 2540 883 2600 sine
903 2537 1037 2601 blentore
1058 2554 1187 2599 mensae.

325 2622 398 2683 Inde
423 2622 598 2684 Dolabellae
621 2633 708 2703 atque
732 2623 799 2684 binc
820 2624 981 2700 Antonius,
1004 2622 1071 2683 inde
1104 2662 1107 2669 ·
1262 2630 1312 2683 105

326 2707 498 2784 Sacrilegus
522 2707 634 2767 Verres
655 2707 825 2768 referebant
850 2708 971 2769 navibus
994 2708 1060 2767 altis

327 2789 451 2851 Occulta
472 2791 566 2868 spolia
590 2800 619 2851 et
639 2791 740 2871 plures
761 2791 799 2852 de
822 2809 897 2871 pace
919 2790 1088 2869 triumphos.
1137 2834 1140 2839 .

326 2873 412 2935 Nunc
433 2877 521 2935 sociis
544 2877 612 2952 iuga
636 2893 728 2954 pauca
749 2875 857 2951 boum,
882 2894 957 2953 grex
979 2890 1087 2953 parvus
1109 2889 1247 2951 equarum

326 2957 366 3020 Et
388 2968 473 3036 pater
498 2962 618 3020 armenti
640 2969 725 3038 capto
748 2961 886 3036 eripiatur
911 2959 1023 3037 agello,

326 3042 388 3121 Ipsi
414 3043 519 3103 deinde
540 3043 647 3118 lares,
671 3045 695 3103 si
718 3044 795 3120 quod
820 3044 985 3122 spectabile
1007 3043 1129 3118 signum,
1263 3051 1315 3103 110

327 3128 360 3188 Si
388 3129 452 3206 quis
477 3129 506 3187 in
528 3128 660 3188 aedicula
684 3128 756 3188 deus
778 3129 894 3197 unicus;
919 3128 993 3189 baec
1018 3125 1123 3186 etenim
1146 3132 1210 3185 sunt

326 3211 386 3272 Pro
412 3213 546 3287 summis,
569 3230 632 3271 nam
656 3221 721 3272 sunt
744 3211 820 3271 haec
842 3214 975 3273 maxima.
1013 3210 1168 3288 Despicias
1190 3218 1221 3269 tu

327 3294 463 3356 Forsitan
484 3295 619 3357 imbelles
640 3295 771 3358 Rhodios
794 3294 1165 3376 unctamquecminthon:

326 3378 487 3458 Despicias
514 3384 633 3449 merito:
658 3381 727 3459 quid
749 3382 876 3443 resinata
896 3383 1028 3442 iuventus

329 3460 482 3542 Cruraque
505 3465 593 3525 totius
614 3465 722 3526 facient
743 3465 794 3526 tibi
818 3460 896 3527 levid
917 3460 1036 3542 gentis?
1264 3473 1315 3526 115

327 3547 454 3608 Horrida
478 3549 593 3610 vitanda
614 3559 658 3610 est
680 3550 835 3629 Hispania,
863 3549 991 3611 Gallicus
1009 3549 1075 3617 axis

327 3631 538 3710 Illyricumque
561 3632 648 3701 latus:
673 3652 763 3713 parce
781 3643 814 3695 et
835 3633 1016 3695 messoribus
1037 3630 1108 3709 illis,

330 3713 388 3788 Qui
411 3724 539 3777 saturant
560 3716 661 3779 urbem
686 3721 766 3780 circo
790 3734 958 3799 scenaeque
979 3724 1159 3805 vacentur-
1185 3738 1313 3785 01111.
1377 3756 1384 3769 .

1169 3912 1174 3921 ,
1288 3822 1357 3898 sm
