<?xml version="1.0" encoding="UTF-8"?>
<!DOCTYPE html PUBLIC "-//W3C//DTD XHTML 1.0 Transitional//EN"
    "http://www.w3.org/TR/xhtml1/DTD/xhtml1-transitional.dtd">
<html xmlns="http://www.w3.org/1999/xhtml" xml:lang="en" lang="en">
 <head>
  <title>
</title>
<meta http-equiv="Content-Type" content="text/html;charset=utf-8" />
  <meta name='ocr-system' content='tesseract 3.04.00' />
  <meta name='ocr-capabilities' content='ocr_page ocr_carea ocr_par ocr_line ocrx_word'/>
</head>
<body>
  <div class='ocr_page' id='page_1' title='image "./mvalmartialisep00martgoog_0389.png"; bbox 0 0 3267 4409; ppageno 0'>
   <div class='ocr_carea' id='block_1_1' title="bbox 347 420 1112 530">
    <p class='ocr_par' dir='ltr' id='par_1_1' title="bbox 347 420 1112 530">
     <span class='ocr_line' id='line_1_1' title="bbox 347 420 1112 530; baseline -0.003 0"><span class='ocrx_word' id='word_1_1' title='bbox 347 464 411 530; x_wconf 75' lang='lat' dir='ltr'><strong>osa</strong></span> <span class='ocrx_word' id='word_1_2' title='bbox 626 462 752 529; x_wconf 77' lang='lat' dir='ltr'><strong>unna</strong></span> <span class='ocrx_word' id='word_1_3' title='bbox 763 420 1112 528; x_wconf 71' lang='lat' dir='ltr'><strong>palummum.</strong></span> 
     </span>
    </p>
   </div>
   <div class='ocr_carea' id='block_1_2' title="bbox 310 616 1381 3773">
    <p class='ocr_par' dir='ltr' id='par_1_2' title="bbox 343 616 1381 1573">
     <span class='ocr_line' id='line_1_2' title="bbox 345 616 1381 685; baseline -0.002 -15"><span class='ocrx_word' id='word_1_4' title='bbox 345 620 415 670; x_wconf 81' lang='lat' dir='ltr'><strong>Haec</strong></span> <span class='ocrx_word' id='word_1_5' title='bbox 426 616 490 668; x_wconf 84' lang='lat' dir='ltr'><strong>mibi</strong></span> <span class='ocrx_word' id='word_1_6' title='bbox 508 632 573 680; x_wconf 88' lang='lat' dir='ltr'><strong>quae</strong></span> <span class='ocrx_word' id='word_1_7' title='bbox 592 617 681 668; x_wconf 83' lang='lat' dir='ltr'><strong>colitur</strong></span> <span class='ocrx_word' id='word_1_8' title='bbox 697 616 773 666; x_wconf 89' lang='lat' dir='ltr'><strong>rlolis</strong></span> <span class='ocrx_word' id='word_1_9' title='bbox 790 617 890 680; x_wconf 78' lang='lat' dir='ltr'><strong>pictura</strong></span> <span class='ocrx_word' id='word_1_10' title='bbox 902 617 1019 681; x_wconf 88' lang='lat' dir='ltr'><strong>rosisque</strong></span> <span class='ocrx_word' id='word_1_11' title='bbox 1036 651 1218 669; x_wconf 88' lang='grc'><strong>......</strong></span> <span class='ocrx_word' id='word_1_12' title='bbox 1297 618 1331 685; x_wconf 83' lang='lat' dir='ltr'><strong>X,</strong></span> <span class='ocrx_word' id='word_1_13' title='bbox 1345 620 1381 675; x_wconf 72' lang='lat'><strong>32.</strong></span> 
     </span>
     <span class='ocr_line' id='line_1_3' title="bbox 345 685 1381 752; baseline 0 -13"><span class='ocrx_word' id='word_1_14' title='bbox 345 690 415 739; x_wconf 84' lang='lat' dir='ltr'><strong>Haeo</strong></span> <span class='ocrx_word' id='word_1_15' title='bbox 429 702 493 751; x_wconf 82' lang='lat' dir='ltr'><strong>quae</strong></span> <span class='ocrx_word' id='word_1_16' title='bbox 507 687 618 736; x_wconf 82' lang='lat' dir='ltr'><strong>difficilis</strong></span> <span class='ocrx_word' id='word_1_17' title='bbox 636 694 720 751; x_wconf 78' lang='lat' dir='ltr'><strong>turget</strong></span> <span class='ocrx_word' id='word_1_18' title='bbox 733 687 860 750; x_wconf 76' lang='lat' dir='ltr'><strong>paganica</strong></span> <span class='ocrx_word' id='word_1_19' title='bbox 876 685 966 750; x_wconf 86' lang='lat' dir='ltr'><strong>pluma</strong></span> <span class='ocrx_word' id='word_1_20' title='bbox 1000 721 1217 739; x_wconf 87' lang='grc'><strong>.......</strong></span> <span class='ocrx_word' id='word_1_21' title='bbox 1255 686 1329 752; x_wconf 83' lang='lat' dir='ltr'><strong>xlv,</strong></span> <span class='ocrx_word' id='word_1_22' title='bbox 1346 692 1381 743; x_wconf 73' lang='lat' dir='ltr'><strong>II.</strong></span> 
     </span>
     <span class='ocr_line' id='line_1_4' title="bbox 345 756 1378 821; baseline -0.002 -15"><span class='ocrx_word' id='word_1_23' title='bbox 345 757 413 807; x_wconf 84' lang='lat' dir='ltr'><strong>Haec</strong></span> <span class='ocrx_word' id='word_1_24' title='bbox 429 772 494 819; x_wconf 89' lang='lat' dir='ltr'><strong>qnae</strong></span> <span class='ocrx_word' id='word_1_25' title='bbox 509 756 609 805; x_wconf 83' lang='lat' dir='ltr'>Picenis</span> <span class='ocrx_word' id='word_1_26' title='bbox 625 757 692 805; x_wconf 83' lang='lat' dir='ltr'><strong>venit</strong></span> <span class='ocrx_word' id='word_1_27' title='bbox 708 756 832 803; x_wconf 86' lang='lat' dir='ltr'><strong>subducta</strong></span> <span class='ocrx_word' id='word_1_28' title='bbox 850 757 954 821; x_wconf 73' lang='lat' dir='ltr'><strong>trapetis</strong></span> <span class='ocrx_word' id='word_1_29' title='bbox 967 790 1217 809; x_wconf 88' lang='grc'><strong>........</strong></span> <span class='ocrx_word' id='word_1_30' title='bbox 1255 756 1328 821; x_wconf 82' lang='lat' dir='ltr'><strong>xm,</strong></span> <span class='ocrx_word' id='word_1_31' title='bbox 1344 758 1378 815; x_wconf 68' lang='grc' dir='ltr'><strong>ω,</strong></span> 
     </span>
     <span class='ocr_line' id='line_1_5' title="bbox 345 823 1378 891; baseline -0.001 -18"><span class='ocrx_word' id='word_1_32' title='bbox 345 826 413 876; x_wconf 87' lang='lat' dir='ltr'><strong>Haec</strong></span> <span class='ocrx_word' id='word_1_33' title='bbox 429 840 493 888; x_wconf 82' lang='lat' dir='ltr'><strong>quae</strong></span> <span class='ocrx_word' id='word_1_34' title='bbox 508 825 611 890; x_wconf 75' lang='lat' dir='ltr'><strong>pulvere</strong></span> <span class='ocrx_word' id='word_1_35' title='bbox 626 824 749 888; x_wconf 89' lang='lat' dir='ltr'><strong>dissipata</strong></span> <span class='ocrx_word' id='word_1_36' title='bbox 761 823 841 872; x_wconf 88' lang='lat' dir='ltr'><strong>multo</strong></span> <span class='ocrx_word' id='word_1_37' title='bbox 866 859 1218 876; x_wconf 87' lang='grc'><strong>...........</strong></span> <span class='ocrx_word' id='word_1_38' title='bbox 1307 828 1329 891; x_wconf 79' lang='lat'><strong>1,</strong></span> <span class='ocrx_word' id='word_1_39' title='bbox 1344 828 1378 881; x_wconf 56' lang='grc' dir='ltr'><strong>θ’,</strong></span> 
     </span>
     <span class='ocr_line' id='line_1_6' title="bbox 344 892 1377 958; baseline 0.002 -14"><span class='ocrx_word' id='word_1_40' title='bbox 344 896 412 945; x_wconf 91' lang='lat' dir='ltr'><strong>Haec</strong></span> <span class='ocrx_word' id='word_1_41' title='bbox 428 909 493 957; x_wconf 89' lang='lat' dir='ltr'><strong>quae</strong></span> <span class='ocrx_word' id='word_1_42' title='bbox 508 909 585 958; x_wconf 82' lang='lat' dir='ltr'>saepe</span> <span class='ocrx_word' id='word_1_43' title='bbox 600 892 664 942; x_wconf 90' lang='lat' dir='ltr'><strong>solet</strong></span> <span class='ocrx_word' id='word_1_44' title='bbox 677 895 759 956; x_wconf 87' lang='lat' dir='ltr'><strong>vinci,</strong></span> <span class='ocrx_word' id='word_1_45' title='bbox 777 907 841 954; x_wconf 88' lang='lat' dir='ltr'><strong>quae</strong></span> <span class='ocrx_word' id='word_1_46' title='bbox 855 894 955 942; x_wconf 82' lang='lat' dir='ltr'><strong>rIncere</strong></span> <span class='ocrx_word' id='word_1_47' title='bbox 967 909 1025 944; x_wconf 89' lang='lat' dir='ltr'><strong>raro</strong></span> <span class='ocrx_word' id='word_1_48' title='bbox 1037 928 1216 946; x_wconf 89' lang='grc'><strong>......</strong></span> <span class='ocrx_word' id='word_1_49' title='bbox 1239 892 1313 957; x_wconf 84' lang='lat' dir='ltr'><strong>xiv,</strong></span> <span class='ocrx_word' id='word_1_50' title='bbox 1329 896 1377 953; x_wconf 72' lang='lat'><strong>218,</strong></span> 
     </span>
     <span class='ocr_line' id='line_1_7' title="bbox 344 963 1376 1028; baseline -0.001 -15"><span class='ocrx_word' id='word_1_51' title='bbox 344 964 413 1013; x_wconf 87' lang='lat' dir='ltr'><strong>Haec</strong></span> <span class='ocrx_word' id='word_1_52' title='bbox 428 978 493 1025; x_wconf 86' lang='lat' dir='ltr'><strong>quae</strong></span> <span class='ocrx_word' id='word_1_53' title='bbox 509 972 562 1012; x_wconf 92' lang='lat' dir='ltr'><strong>tota</strong></span> <span class='ocrx_word' id='word_1_54' title='bbox 577 972 646 1026; x_wconf 87' lang='lat' dir='ltr'><strong>patet</strong></span> <span class='ocrx_word' id='word_1_55' title='bbox 661 963 802 1026; x_wconf 83' lang='lat' dir='ltr'><strong>tegiturque</strong></span> <span class='ocrx_word' id='word_1_56' title='bbox 822 970 847 1010; x_wconf 88' lang='lat' dir='ltr'><strong>et</strong></span> <span class='ocrx_word' id='word_1_57' title='bbox 862 977 987 1012; x_wconf 87' lang='lat' dir='ltr'><strong>marmore</strong></span> <span class='ocrx_word' id='word_1_58' title='bbox 1005 971 1030 1013; x_wconf 89' lang='lat' dir='ltr'><strong>at</strong></span> <span class='ocrx_word' id='word_1_59' title='bbox 1046 977 1109 1012; x_wconf 86' lang='lat' dir='ltr'><strong>auro</strong></span> <span class='ocrx_word' id='word_1_60' title='bbox 1137 998 1146 1012; x_wconf 86' lang='lat'><strong>.</strong></span> <span class='ocrx_word' id='word_1_61' title='bbox 1172 998 1180 1014; x_wconf 90' lang='lat'><strong>.</strong></span> <span class='ocrx_word' id='word_1_62' title='bbox 1208 1000 1218 1015; x_wconf 94' lang='lat'>.</span> <span class='ocrx_word' id='word_1_63' title='bbox 1282 966 1330 1028; x_wconf 82' lang='lat' dir='ltr'><strong>IX,</strong></span> <span class='ocrx_word' id='word_1_64' title='bbox 1345 966 1376 1019; x_wconf 62' lang='lat' dir='ltr'>n</span> 
     </span>
     <span class='ocr_line' id='line_1_8' title="bbox 343 1029 1374 1097; baseline 0.003 -16"><span class='ocrx_word' id='word_1_65' title='bbox 343 1032 412 1082; x_wconf 89' lang='lat' dir='ltr'><strong>Haec</strong></span> <span class='ocrx_word' id='word_1_66' title='bbox 426 1033 493 1096; x_wconf 91' lang='lat' dir='ltr'><strong>rapit</strong></span> <span class='ocrx_word' id='word_1_67' title='bbox 505 1032 595 1081; x_wconf 77' lang='lat' dir='ltr'><strong>Antaei</strong></span> <span class='ocrx_word' id='word_1_68' title='bbox 609 1029 685 1079; x_wconf 75' lang='lat' dir='ltr'><strong>velox</strong></span> <span class='ocrx_word' id='word_1_69' title='bbox 700 1032 726 1078; x_wconf 92' lang='lat' dir='ltr'><strong>in</strong></span> <span class='ocrx_word' id='word_1_70' title='bbox 741 1030 845 1095; x_wconf 78' lang='lat' dir='ltr'><strong>pulvere</strong></span> <span class='ocrx_word' id='word_1_71' title='bbox 860 1032 969 1080; x_wconf 90' lang='lat' dir='ltr'><strong>draucus</strong></span> <span class='ocrx_word' id='word_1_72' title='bbox 1003 1066 1218 1084; x_wconf 87' lang='lat'><strong>.......</strong></span> <span class='ocrx_word' id='word_1_73' title='bbox 1257 1032 1329 1097; x_wconf 87' lang='lat' dir='ltr'><strong>XIV,</strong></span> <span class='ocrx_word' id='word_1_74' title='bbox 1344 1032 1374 1089; x_wconf 63' lang='lat' dir='ltr'>fl</span> 
     </span>
     <span class='ocr_line' id='line_1_9' title="bbox 344 1098 1375 1167; baseline 0.001 -16"><span class='ocrx_word' id='word_1_75' title='bbox 344 1102 414 1151; x_wconf 84' lang='lat' dir='ltr'><strong>Haeo</strong></span> <span class='ocrx_word' id='word_1_76' title='bbox 428 1102 538 1149; x_wconf 83' lang='lat' dir='ltr'><strong>servavit</strong></span> <span class='ocrx_word' id='word_1_77' title='bbox 550 1102 604 1149; x_wconf 84' lang='lat' dir='ltr'><strong>avis</strong></span> <span class='ocrx_word' id='word_1_78' title='bbox 617 1100 724 1162; x_wconf 87' lang='lat' dir='ltr'><strong>Tarpeia</strong></span> <span class='ocrx_word' id='word_1_79' title='bbox 736 1098 832 1163; x_wconf 86' lang='lat' dir='ltr'><strong>templa</strong></span> <span class='ocrx_word' id='word_1_80' title='bbox 846 1100 966 1148; x_wconf 82' lang='lat' dir='ltr'><strong>Tonantis</strong></span> <span class='ocrx_word' id='word_1_81' title='bbox 1005 1133 1216 1152; x_wconf 86' lang='grc'><strong>.......</strong></span> <span class='ocrx_word' id='word_1_82' title='bbox 1266 1102 1336 1167; x_wconf 84' lang='lat' dir='ltr'>XIII,</span> <span class='ocrx_word' id='word_1_83' title='bbox 1345 1104 1375 1157; x_wconf 81' lang='lat' dir='ltr'><strong>tt</strong></span> 
     </span>
     <span class='ocr_line' id='line_1_10' title="bbox 344 1167 1375 1235; baseline 0.002 -16"><span class='ocrx_word' id='word_1_84' title='bbox 344 1170 412 1219; x_wconf 87' lang='lat' dir='ltr'><strong>Haec</strong></span> <span class='ocrx_word' id='word_1_85' title='bbox 428 1179 486 1218; x_wconf 92' lang='lat' dir='ltr'><strong>sunt</strong></span> <span class='ocrx_word' id='word_1_86' title='bbox 504 1170 548 1218; x_wconf 88' lang='lat' dir='ltr'><strong>illa</strong></span> <span class='ocrx_word' id='word_1_87' title='bbox 565 1170 614 1217; x_wconf 95' lang='lat' dir='ltr'><strong>mei</strong></span> <span class='ocrx_word' id='word_1_88' title='bbox 631 1183 695 1230; x_wconf 89' lang='lat' dir='ltr'><strong>quae</strong></span> <span class='ocrx_word' id='word_1_89' title='bbox 714 1169 817 1216; x_wconf 83' lang='lat' dir='ltr'>cernitis</span> <span class='ocrx_word' id='word_1_90' title='bbox 837 1183 879 1217; x_wconf 89' lang='lat' dir='ltr'><strong>ora</strong></span> <span class='ocrx_word' id='word_1_91' title='bbox 897 1167 1001 1218; x_wconf 84' lang='lat' dir='ltr'><strong>Camoni</strong></span> <span class='ocrx_word' id='word_1_92' title='bbox 1038 1203 1217 1221; x_wconf 85' lang='grc'><strong>......</strong></span> <span class='ocrx_word' id='word_1_93' title='bbox 1238 1190 1246 1201; x_wconf 75' lang='lat'><strong>,</strong></span> <span class='ocrx_word' id='word_1_94' title='bbox 1285 1172 1331 1235; x_wconf 82' lang='lat' dir='ltr'><strong>tx,</strong></span> <span class='ocrx_word' id='word_1_95' title='bbox 1346 1170 1375 1223; x_wconf 69' lang='lat' dir='ltr'><strong>H.</strong></span> 
     </span>
     <span class='ocr_line' id='line_1_11' title="bbox 344 1236 1374 1303; baseline 0.002 -16"><span class='ocrx_word' id='word_1_96' title='bbox 344 1239 412 1287; x_wconf 89' lang='lat' dir='ltr'><strong>Haec</strong></span> <span class='ocrx_word' id='word_1_97' title='bbox 428 1239 474 1286; x_wconf 93' lang='lat' dir='ltr'><strong>tibi</strong></span> <span class='ocrx_word' id='word_1_98' title='bbox 490 1237 596 1286; x_wconf 86' lang='lat' dir='ltr'><strong>brumali</strong></span> <span class='ocrx_word' id='word_1_99' title='bbox 612 1237 749 1301; x_wconf 83' lang='lat' dir='ltr'><strong>gaudentia</strong></span> <span class='ocrx_word' id='word_1_100' title='bbox 767 1236 863 1300; x_wconf 75' lang='lat' dir='ltr'><strong>frigore</strong></span> <span class='ocrx_word' id='word_1_101' title='bbox 879 1251 942 1301; x_wconf 90' lang='lat' dir='ltr'><strong>rapa</strong></span> <span class='ocrx_word' id='word_1_102' title='bbox 967 1270 1216 1289; x_wconf 86' lang='grc'><strong>........</strong></span> <span class='ocrx_word' id='word_1_103' title='bbox 1258 1239 1330 1303; x_wconf 84' lang='lat' dir='ltr'>XIII,</span> <span class='ocrx_word' id='word_1_104' title='bbox 1346 1238 1374 1291; x_wconf 84' lang='lat' dir='ltr'><strong>tt</strong></span> 
     </span>
     <span class='ocr_line' id='line_1_12' title="bbox 344 1304 1374 1371; baseline 0.006 -16"><span class='ocrx_word' id='word_1_105' title='bbox 344 1306 413 1357; x_wconf 88' lang='lat' dir='ltr'><strong>Haec</strong></span> <span class='ocrx_word' id='word_1_106' title='bbox 429 1307 474 1355; x_wconf 91' lang='lat' dir='ltr'><strong>tibi</strong></span> <span class='ocrx_word' id='word_1_107' title='bbox 493 1316 565 1355; x_wconf 88' lang='lat' dir='ltr'><strong>erunt</strong></span> <span class='ocrx_word' id='word_1_108' title='bbox 582 1312 680 1354; x_wconf 88' lang='lat' dir='ltr'><strong>armata</strong></span> <span class='ocrx_word' id='word_1_109' title='bbox 694 1320 741 1353; x_wconf 94' lang='lat' dir='ltr'><strong>suo</strong></span> <span class='ocrx_word' id='word_1_110' title='bbox 757 1305 904 1369; x_wconf 82' lang='lat' dir='ltr'><strong>graphiaria</strong></span> <span class='ocrx_word' id='word_1_111' title='bbox 920 1304 988 1355; x_wconf 77' lang='lat' dir='ltr'><strong>ferro</strong></span> <span class='ocrx_word' id='word_1_112' title='bbox 1001 1340 1217 1358; x_wconf 85' lang='grc'><strong>.......</strong></span> <span class='ocrx_word' id='word_1_113' title='bbox 1255 1308 1330 1371; x_wconf 81' lang='lat' dir='ltr'><strong>xw,</strong></span> <span class='ocrx_word' id='word_1_114' title='bbox 1345 1308 1374 1361; x_wconf 87' lang='lat' dir='ltr'><strong>tt</strong></span> 
     </span>
     <span class='ocr_line' id='line_1_13' title="bbox 344 1373 1374 1439; baseline 0.002 -14"><span class='ocrx_word' id='word_1_115' title='bbox 344 1375 412 1425; x_wconf 89' lang='lat' dir='ltr'><strong>llaec</strong></span> <span class='ocrx_word' id='word_1_116' title='bbox 428 1375 473 1424; x_wconf 93' lang='lat' dir='ltr'><strong>tibi</strong></span> <span class='ocrx_word' id='word_1_117' title='bbox 489 1373 632 1437; x_wconf 83' lang='lat' dir='ltr'><strong>llemphitIs</strong></span> <span class='ocrx_word' id='word_1_118' title='bbox 649 1373 724 1423; x_wconf 89' lang='lat' dir='ltr'><strong>tellus</strong></span> <span class='ocrx_word' id='word_1_119' title='bbox 743 1374 786 1422; x_wconf 89' lang='lat' dir='ltr'><strong>dat</strong></span> <span class='ocrx_word' id='word_1_120' title='bbox 799 1387 915 1425; x_wconf 89' lang='lat' dir='ltr'><strong>munera:</strong></span> <span class='ocrx_word' id='word_1_121' title='bbox 934 1376 1000 1424; x_wconf 84' lang='lat' dir='ltr'><strong>victa</strong></span> <span class='ocrx_word' id='word_1_122' title='bbox 1017 1381 1056 1424; x_wconf 90' lang='lat' dir='ltr'><strong>est</strong></span> <span class='ocrx_word' id='word_1_123' title='bbox 1067 1408 1217 1427; x_wconf 87' lang='grc'><strong>.....</strong></span> <span class='ocrx_word' id='word_1_124' title='bbox 1248 1374 1322 1439; x_wconf 79' lang='lat' dir='ltr'><strong>xiv,</strong></span> <span class='ocrx_word' id='word_1_125' title='bbox 1333 1376 1374 1429; x_wconf 87' lang='lat' dir='ltr'><strong>ltt</strong></span> 
     </span>
     <span class='ocr_line' id='line_1_14' title="bbox 344 1442 1320 1507; baseline -0.001 -13"><span class='ocrx_word' id='word_1_126' title='bbox 344 1445 413 1494; x_wconf 86' lang='lat' dir='ltr'><strong>llaec</strong></span> <span class='ocrx_word' id='word_1_127' title='bbox 429 1444 476 1492; x_wconf 91' lang='lat' dir='ltr'><strong>tibi</strong></span> <span class='ocrx_word' id='word_1_128' title='bbox 494 1442 627 1507; x_wconf 79' lang='lat' dir='ltr'><strong>multiplici</strong></span> <span class='ocrx_word' id='word_1_129' title='bbox 640 1458 704 1505; x_wconf 86' lang='lat' dir='ltr'><strong>quae</strong></span> <span class='ocrx_word' id='word_1_130' title='bbox 717 1450 812 1492; x_wconf 85' lang='lat' dir='ltr'><strong>structa</strong></span> <span class='ocrx_word' id='word_1_131' title='bbox 830 1452 869 1491; x_wconf 86' lang='lat' dir='ltr'><strong>est</strong></span> <span class='ocrx_word' id='word_1_132' title='bbox 884 1457 969 1492; x_wconf 86' lang='lat' dir='ltr'><strong>massa</strong></span> <span class='ocrx_word' id='word_1_133' title='bbox 982 1443 1076 1492; x_wconf 90' lang='lat' dir='ltr'><strong>tabella</strong></span> <span class='ocrx_word' id='word_1_134' title='bbox 1105 1478 1111 1492; x_wconf 93' lang='lat'>.</span> <span class='ocrx_word' id='word_1_135' title='bbox 1136 1477 1145 1493; x_wconf 83' lang='lat'><strong>.</strong></span> <span class='ocrx_word' id='word_1_136' title='bbox 1171 1479 1180 1495; x_wconf 91' lang='lat'><strong>.</strong></span> <span class='ocrx_word' id='word_1_137' title='bbox 1209 1482 1217 1496; x_wconf 89' lang='lat'><strong><em>.</em></strong></span> <span class='ocrx_word' id='word_1_138' title='bbox 1311 1482 1320 1507; x_wconf 90' lang='lat'><strong>,</strong></span> 
     </span>
     <span class='ocr_line' id='line_1_15' title="bbox 345 1511 1218 1573; baseline 0.003 -11"><span class='ocrx_word' id='word_1_139' title='bbox 345 1513 414 1563; x_wconf 89' lang='lat' dir='ltr'><strong>llaec</strong></span> <span class='ocrx_word' id='word_1_140' title='bbox 431 1513 490 1573; x_wconf 89' lang='lat' dir='ltr'><strong>tibi,</strong></span> <span class='ocrx_word' id='word_1_141' title='bbox 509 1513 638 1570; x_wconf 79' lang='lat' dir='ltr'><strong>nonalia,</strong></span> <span class='ocrx_word' id='word_1_142' title='bbox 657 1520 694 1561; x_wconf 93' lang='lat' dir='ltr'><strong>est</strong></span> <span class='ocrx_word' id='word_1_143' title='bbox 711 1511 743 1560; x_wconf 91' lang='lat' dir='ltr'><strong>ad</strong></span> <span class='ocrx_word' id='word_1_144' title='bbox 762 1526 850 1560; x_wconf 89' lang='lat' dir='ltr'><strong>cenam</strong></span> <span class='ocrx_word' id='word_1_145' title='bbox 868 1527 944 1561; x_wconf 85' lang='lat' dir='ltr'><strong>causa</strong></span> <span class='ocrx_word' id='word_1_146' title='bbox 961 1513 1071 1562; x_wconf 84' lang='lat' dir='ltr'><strong>vocandi</strong></span> <span class='ocrx_word' id='word_1_147' title='bbox 1104 1546 1111 1561; x_wconf 89' lang='lat'><strong>.</strong></span> <span class='ocrx_word' id='word_1_148' title='bbox 1136 1546 1144 1561; x_wconf 85' lang='lat'><strong>.</strong></span> <span class='ocrx_word' id='word_1_149' title='bbox 1171 1549 1179 1563; x_wconf 90' lang='lat'><strong>.</strong></span> <span class='ocrx_word' id='word_1_150' title='bbox 1208 1549 1218 1565; x_wconf 84' lang='lat'><strong>.</strong></span> 
     </span>
    </p>

    <p class='ocr_par' dir='ltr' id='par_1_3' title="bbox 344 1579 1218 1640">
     <span class='ocr_line' id='line_1_16' title="bbox 344 1579 1218 1640; baseline -0.002 -9"><span class='ocrx_word' id='word_1_151' title='bbox 344 1582 414 1631; x_wconf 87' lang='lat' dir='ltr'><strong>Haec</strong></span> <span class='ocrx_word' id='word_1_152' title='bbox 431 1580 490 1640; x_wconf 88' lang='lat' dir='ltr'><strong>tibi,</strong></span> <span class='ocrx_word' id='word_1_153' title='bbox 508 1581 636 1630; x_wconf 75' lang='lat' dir='ltr'><strong>Palladiae</strong></span> <span class='ocrx_word' id='word_1_154' title='bbox 650 1594 695 1629; x_wconf 91' lang='lat' dir='ltr'><strong>seu</strong></span> <span class='ocrx_word' id='word_1_155' title='bbox 710 1579 818 1630; x_wconf 89' lang='lat' dir='ltr'><strong>collibus</strong></span> <span class='ocrx_word' id='word_1_156' title='bbox 834 1582 914 1629; x_wconf 89' lang='lat' dir='ltr'><strong>uteris</strong></span> <span class='ocrx_word' id='word_1_157' title='bbox 930 1581 1010 1630; x_wconf 86' lang='lat' dir='ltr'><strong>Albae</strong></span> <span class='ocrx_word' id='word_1_158' title='bbox 1038 1614 1218 1635; x_wconf 87' lang='grc'><strong>......</strong></span> 
     </span>
    </p>

    <p class='ocr_par' dir='ltr' id='par_1_4' title="bbox 345 1649 1217 1714">
     <span class='ocr_line' id='line_1_17' title="bbox 345 1649 1217 1714; baseline -0.001 -14"><span class='ocrx_word' id='word_1_159' title='bbox 345 1650 477 1700; x_wconf 89' lang='lat' dir='ltr'><strong>Haectibi</strong></span> <span class='ocrx_word' id='word_1_160' title='bbox 494 1665 540 1714; x_wconf 93' lang='lat' dir='ltr'><strong>pro</strong></span> <span class='ocrx_word' id='word_1_161' title='bbox 559 1658 618 1698; x_wconf 89' lang='lat' dir='ltr'><strong>nato</strong></span> <span class='ocrx_word' id='word_1_162' title='bbox 632 1649 708 1714; x_wconf 89' lang='lat' dir='ltr'><strong>plena</strong></span> <span class='ocrx_word' id='word_1_163' title='bbox 725 1650 769 1698; x_wconf 91' lang='lat' dir='ltr'><strong>dat</strong></span> <span class='ocrx_word' id='word_1_164' title='bbox 784 1649 866 1698; x_wconf 89' lang='lat' dir='ltr'><strong>laetus</strong></span> <span class='ocrx_word' id='word_1_165' title='bbox 885 1663 970 1698; x_wconf 85' lang='lat' dir='ltr'><strong>acerra</strong></span> <span class='ocrx_word' id='word_1_166' title='bbox 1005 1685 1012 1698; x_wconf 89' lang='lat'><strong>.</strong></span> <span class='ocrx_word' id='word_1_167' title='bbox 1041 1685 1048 1700; x_wconf 88' lang='lat'><strong>.</strong></span> <span class='ocrx_word' id='word_1_168' title='bbox 1072 1683 1080 1698; x_wconf 89' lang='lat'><strong>.</strong></span> <span class='ocrx_word' id='word_1_169' title='bbox 1104 1684 1111 1698; x_wconf 91' lang='lat'><strong>.</strong></span> <span class='ocrx_word' id='word_1_170' title='bbox 1136 1683 1143 1699; x_wconf 87' lang='lat'><strong>.</strong></span> <span class='ocrx_word' id='word_1_171' title='bbox 1171 1686 1179 1701; x_wconf 91' lang='lat'><strong>.</strong></span> <span class='ocrx_word' id='word_1_172' title='bbox 1209 1688 1217 1704; x_wconf 90' lang='lat'><strong>.</strong></span> 
     </span>
    </p>

    <p class='ocr_par' dir='ltr' id='par_1_5' title="bbox 344 1718 1312 1850">
     <span class='ocr_line' id='line_1_18' title="bbox 344 1718 1312 1783; baseline -0.001 -15"><span class='ocrx_word' id='word_1_173' title='bbox 344 1719 412 1768; x_wconf 84' lang='lat' dir='ltr'><strong>Haec</strong></span> <span class='ocrx_word' id='word_1_174' title='bbox 429 1719 476 1766; x_wconf 90' lang='lat' dir='ltr'><strong>tibi</strong></span> <span class='ocrx_word' id='word_1_175' title='bbox 494 1732 557 1781; x_wconf 89' lang='lat' dir='ltr'><strong>quae</strong></span> <span class='ocrx_word' id='word_1_176' title='bbox 572 1718 655 1767; x_wconf 82' lang='lat' dir='ltr'><strong>fontes</strong></span> <span class='ocrx_word' id='word_1_177' title='bbox 672 1726 695 1767; x_wconf 93' lang='lat' dir='ltr'><strong>et</strong></span> <span class='ocrx_word' id='word_1_178' title='bbox 713 1732 835 1781; x_wconf 88' lang='lat' dir='ltr'><strong>aquarum</strong></span> <span class='ocrx_word' id='word_1_179' title='bbox 853 1719 955 1767; x_wconf 86' lang='lat' dir='ltr'><strong>nomina</strong></span> <span class='ocrx_word' id='word_1_180' title='bbox 971 1718 1032 1768; x_wconf 88' lang='lat' dir='ltr'><strong>dicit</strong></span> <span class='ocrx_word' id='word_1_181' title='bbox 1068 1753 1216 1772; x_wconf 90' lang='grc'><strong>.....</strong></span> <span class='ocrx_word' id='word_1_182' title='bbox 1304 1760 1312 1783; x_wconf 87' lang='grc'><em>,</em></span> 
     </span>
     <span class='ocr_line' id='line_1_19' title="bbox 345 1786 1216 1850; baseline 0.005 -14"><span class='ocrx_word' id='word_1_183' title='bbox 345 1788 414 1836; x_wconf 91' lang='lat' dir='ltr'><strong>Haec</strong></span> <span class='ocrx_word' id='word_1_184' title='bbox 428 1786 474 1836; x_wconf 89' lang='lat' dir='ltr'><strong>tibi</strong></span> <span class='ocrx_word' id='word_1_185' title='bbox 491 1802 555 1850; x_wconf 88' lang='lat' dir='ltr'><strong>quae</strong></span> <span class='ocrx_word' id='word_1_186' title='bbox 573 1795 638 1836; x_wconf 90' lang='lat' dir='ltr'><strong>torta</strong></span> <span class='ocrx_word' id='word_1_187' title='bbox 653 1795 773 1836; x_wconf 86' lang='lat' dir='ltr'><strong>venerunt</strong></span> <span class='ocrx_word' id='word_1_188' title='bbox 791 1787 893 1836; x_wconf 88' lang='lat' dir='ltr'><strong>condita</strong></span> <span class='ocrx_word' id='word_1_189' title='bbox 910 1794 977 1836; x_wconf 88' lang='lat' dir='ltr'><strong>meta</strong></span> <span class='ocrx_word' id='word_1_190' title='bbox 999 1820 1216 1840; x_wconf 81' lang='lat'><strong>.......</strong></span> 
     </span>
    </p>

    <p class='ocr_par' dir='ltr' id='par_1_6' title="bbox 343 1855 1314 1979">
     <span class='ocr_line' id='line_1_20' title="bbox 344 1855 1314 1921; baseline -0.001 -15"><span class='ocrx_word' id='word_1_191' title='bbox 344 1855 412 1906; x_wconf 85' lang='lat' dir='ltr'><strong>llaec</strong></span> <span class='ocrx_word' id='word_1_192' title='bbox 425 1856 472 1906; x_wconf 91' lang='lat' dir='ltr'><strong>tibi</strong></span> <span class='ocrx_word' id='word_1_193' title='bbox 488 1863 556 1905; x_wconf 82' lang='lat' dir='ltr'><strong>sorte</strong></span> <span class='ocrx_word' id='word_1_194' title='bbox 573 1856 646 1905; x_wconf 88' lang='lat' dir='ltr'><strong>datur</strong></span> <span class='ocrx_word' id='word_1_195' title='bbox 658 1856 788 1920; x_wconf 76' lang='lat' dir='ltr'><strong>tergendis</strong></span> <span class='ocrx_word' id='word_1_196' title='bbox 804 1856 915 1921; x_wconf 77' lang='lat' dir='ltr'><strong>spongia</strong></span> <span class='ocrx_word' id='word_1_197' title='bbox 929 1857 1024 1905; x_wconf 86' lang='lat' dir='ltr'><strong>mensis</strong></span> <span class='ocrx_word' id='word_1_198' title='bbox 1034 1890 1216 1909; x_wconf 85' lang='grc'><strong>......</strong></span> <span class='ocrx_word' id='word_1_199' title='bbox 1305 1896 1314 1921; x_wconf 86' lang='grc'><em>,</em></span> 
     </span>
     <span class='ocr_line' id='line_1_21' title="bbox 343 1923 1216 1979; baseline 0.001 -6"><span class='ocrx_word' id='word_1_200' title='bbox 343 1925 411 1975; x_wconf 90' lang='lat' dir='ltr'><strong>Haec</strong></span> <span class='ocrx_word' id='word_1_201' title='bbox 425 1926 471 1973; x_wconf 93' lang='lat' dir='ltr'><strong>tibi</strong></span> <span class='ocrx_word' id='word_1_202' title='bbox 487 1925 585 1974; x_wconf 88' lang='lat' dir='ltr'><strong>turbato</strong></span> <span class='ocrx_word' id='word_1_203' title='bbox 606 1923 732 1973; x_wconf 84' lang='lat' dir='ltr'><strong>Canusina</strong></span> <span class='ocrx_word' id='word_1_204' title='bbox 748 1924 878 1973; x_wconf 88' lang='lat' dir='ltr'><strong>simillima</strong></span> <span class='ocrx_word' id='word_1_205' title='bbox 895 1925 977 1974; x_wconf 90' lang='lat' dir='ltr'><strong>mulso</strong></span> <span class='ocrx_word' id='word_1_206' title='bbox 1004 1959 1012 1975; x_wconf 85' lang='lat'><strong>.</strong></span> <span class='ocrx_word' id='word_1_207' title='bbox 1035 1960 1043 1974; x_wconf 91' lang='lat'><strong>.</strong></span> <span class='ocrx_word' id='word_1_208' title='bbox 1066 1957 1075 1974; x_wconf 85' lang='lat'><strong>.</strong></span> <span class='ocrx_word' id='word_1_209' title='bbox 1101 1960 1108 1975; x_wconf 90' lang='lat'><strong>.</strong></span> <span class='ocrx_word' id='word_1_210' title='bbox 1135 1961 1143 1974; x_wconf 88' lang='lat'><strong><em>.</em></strong></span> <span class='ocrx_word' id='word_1_211' title='bbox 1171 1962 1178 1977; x_wconf 91' lang='lat'><em>.</em></span> <span class='ocrx_word' id='word_1_212' title='bbox 1208 1964 1216 1979; x_wconf 90' lang='lat'><strong>.</strong></span> 
     </span>
    </p>

    <p class='ocr_par' dir='ltr' id='par_1_7' title="bbox 343 1994 1216 2059">
     <span class='ocr_line' id='line_1_22' title="bbox 343 1994 1216 2059; baseline 0 -17"><span class='ocrx_word' id='word_1_213' title='bbox 343 1994 458 2044; x_wconf 83' lang='lat' dir='ltr'><strong>Haedina</strong></span> <span class='ocrx_word' id='word_1_214' title='bbox 472 1995 519 2043; x_wconf 92' lang='lat' dir='ltr'><strong>tibi</strong></span> <span class='ocrx_word' id='word_1_215' title='bbox 537 1994 603 2059; x_wconf 89' lang='lat' dir='ltr'><strong>pelle</strong></span> <span class='ocrx_word' id='word_1_216' title='bbox 622 1995 765 2058; x_wconf 80' lang='lat' dir='ltr'><strong>contegenti</strong></span> <span class='ocrx_word' id='word_1_217' title='bbox 797 2027 1216 2047; x_wconf 86' lang='grc'><strong>.............</strong></span> 
     </span>
    </p>

    <p class='ocr_par' dir='ltr' id='par_1_8' title="bbox 343 2061 1325 2334">
     <span class='ocr_line' id='line_1_23' title="bbox 343 2061 1313 2127; baseline 0 -15"><span class='ocrx_word' id='word_1_218' title='bbox 343 2061 414 2112; x_wconf 89' lang='lat' dir='ltr'><strong>Hanc</strong></span> <span class='ocrx_word' id='word_1_219' title='bbox 429 2063 477 2111; x_wconf 90' lang='lat' dir='ltr'><strong>tibi</strong></span> <span class='ocrx_word' id='word_1_220' title='bbox 496 2062 623 2112; x_wconf 81' lang='lat' dir='ltr'><strong>Cumanae</strong></span> <span class='ocrx_word' id='word_1_221' title='bbox 640 2064 806 2113; x_wconf 83' lang='lat' dir='ltr'><strong>rubicundam</strong></span> <span class='ocrx_word' id='word_1_222' title='bbox 820 2061 925 2127; x_wconf 84' lang='lat' dir='ltr'><strong>pulvere</strong></span> <span class='ocrx_word' id='word_1_223' title='bbox 942 2069 1021 2112; x_wconf 86' lang='lat' dir='ltr'><strong>testae</strong></span> <span class='ocrx_word' id='word_1_224' title='bbox 1037 2096 1215 2116; x_wconf 86' lang='grc'><strong>......</strong></span> <span class='ocrx_word' id='word_1_225' title='bbox 1304 2100 1313 2126; x_wconf 83' lang='grc'><strong>,</strong></span> 
     </span>
     <span class='ocr_line' id='line_1_24' title="bbox 343 2128 1325 2196; baseline 0.001 -17"><span class='ocrx_word' id='word_1_226' title='bbox 343 2130 412 2181; x_wconf 90' lang='lat' dir='ltr'><strong>Hanc</strong></span> <span class='ocrx_word' id='word_1_227' title='bbox 425 2132 487 2190; x_wconf 88' lang='lat' dir='ltr'><strong>tibi,</strong></span> <span class='ocrx_word' id='word_1_228' title='bbox 501 2131 592 2181; x_wconf 82' lang='lat' dir='ltr'><strong>Fronto</strong></span> <span class='ocrx_word' id='word_1_229' title='bbox 605 2140 689 2195; x_wconf 90' lang='lat' dir='ltr'><strong>pater,</strong></span> <span class='ocrx_word' id='word_1_230' title='bbox 705 2132 821 2196; x_wconf 79' lang='lat' dir='ltr'><strong>genetrix</strong></span> <span class='ocrx_word' id='word_1_231' title='bbox 832 2128 963 2192; x_wconf 77' lang='lat' dir='ltr'><strong>Flaccilla,</strong></span> <span class='ocrx_word' id='word_1_232' title='bbox 980 2130 1108 2195; x_wconf 85' lang='lat' dir='ltr'><strong>puellam.</strong></span> <span class='ocrx_word' id='word_1_233' title='bbox 1136 2167 1142 2180; x_wconf 95' lang='lat'><em>.</em></span> <span class='ocrx_word' id='word_1_234' title='bbox 1170 2169 1178 2183; x_wconf 91' lang='lat'><strong>.</strong></span> <span class='ocrx_word' id='word_1_235' title='bbox 1207 2170 1216 2185; x_wconf 90' lang='lat'><strong>.</strong></span> <span class='ocrx_word' id='word_1_236' title='bbox 1316 2170 1325 2195; x_wconf 94' lang='lat'><strong>,</strong></span> 
     </span>
     <span class='ocr_line' id='line_1_25' title="bbox 343 2197 1325 2264; baseline -0.001 -15"><span class='ocrx_word' id='word_1_237' title='bbox 343 2199 413 2249; x_wconf 89' lang='lat' dir='ltr'><strong>Hanc</strong></span> <span class='ocrx_word' id='word_1_238' title='bbox 430 2201 477 2249; x_wconf 92' lang='lat' dir='ltr'><strong>tibi</strong></span> <span class='ocrx_word' id='word_1_239' title='bbox 495 2197 651 2262; x_wconf 87' lang='lat' dir='ltr'><strong>Sequanicae</strong></span> <span class='ocrx_word' id='word_1_240' title='bbox 666 2202 788 2264; x_wconf 81' lang='lat' dir='ltr'><strong>pinguem</strong></span> <span class='ocrx_word' id='word_1_241' title='bbox 805 2201 920 2249; x_wconf 81' lang='lat' dir='ltr'><strong>textricIs</strong></span> <span class='ocrx_word' id='word_1_242' title='bbox 939 2200 1066 2249; x_wconf 83' lang='lat' dir='ltr'><strong>alumnam</strong></span> <span class='ocrx_word' id='word_1_243' title='bbox 1102 2234 1109 2248; x_wconf 93' lang='lat'>.</span> <span class='ocrx_word' id='word_1_244' title='bbox 1135 2235 1142 2249; x_wconf 93' lang='lat'>.</span> <span class='ocrx_word' id='word_1_245' title='bbox 1170 2237 1178 2252; x_wconf 92' lang='lat'><strong>.</strong></span> <span class='ocrx_word' id='word_1_246' title='bbox 1207 2239 1215 2253; x_wconf 89' lang='lat'><strong>.</strong></span> <span class='ocrx_word' id='word_1_247' title='bbox 1317 2238 1325 2263; x_wconf 89' lang='lat'><strong>,</strong></span> 
     </span>
     <span class='ocr_line' id='line_1_26' title="bbox 343 2268 1215 2334; baseline -0.001 -16"><span class='ocrx_word' id='word_1_248' title='bbox 343 2269 414 2318; x_wconf 89' lang='lat' dir='ltr'><strong>Hanc</strong></span> <span class='ocrx_word' id='word_1_249' title='bbox 430 2269 503 2329; x_wconf 89' lang='lat' dir='ltr'><strong>volo,</strong></span> <span class='ocrx_word' id='word_1_250' title='bbox 520 2284 585 2331; x_wconf 89' lang='lat' dir='ltr'><strong>quae</strong></span> <span class='ocrx_word' id='word_1_251' title='bbox 601 2268 699 2328; x_wconf 84' lang='lat' dir='ltr'><strong>facilis,</strong></span> <span class='ocrx_word' id='word_1_252' title='bbox 720 2284 784 2332; x_wconf 92' lang='lat' dir='ltr'><strong>quae</strong></span> <span class='ocrx_word' id='word_1_253' title='bbox 801 2268 934 2332; x_wconf 88' lang='lat' dir='ltr'><strong>palliolata</strong></span> <span class='ocrx_word' id='word_1_254' title='bbox 952 2277 1076 2334; x_wconf 81' lang='lat' dir='ltr'><strong>vagatur.</strong></span> <span class='ocrx_word' id='word_1_255' title='bbox 1100 2304 1107 2318; x_wconf 93' lang='lat'><strong><em>.</em></strong></span> <span class='ocrx_word' id='word_1_256' title='bbox 1135 2304 1142 2317; x_wconf 90' lang='lat'>.</span> <span class='ocrx_word' id='word_1_257' title='bbox 1170 2307 1178 2321; x_wconf 91' lang='lat'><strong>.</strong></span> <span class='ocrx_word' id='word_1_258' title='bbox 1207 2307 1215 2323; x_wconf 82' lang='lat'><strong>.</strong></span> 
     </span>
    </p>

    <p class='ocr_par' dir='ltr' id='par_1_9' title="bbox 342 2337 1323 2538">
     <span class='ocr_line' id='line_1_27' title="bbox 343 2337 1215 2402; baseline 0.005 -15"><span class='ocrx_word' id='word_1_259' title='bbox 343 2337 394 2387; x_wconf 85' lang='lat' dir='ltr'><strong>llas</strong></span> <span class='ocrx_word' id='word_1_260' title='bbox 412 2353 469 2388; x_wconf 93' lang='lat' dir='ltr'><strong>cum</strong></span> <span class='ocrx_word' id='word_1_261' title='bbox 487 2338 589 2402; x_wconf 85' lang='lat' dir='ltr'><strong>gemina</strong></span> <span class='ocrx_word' id='word_1_262' title='bbox 606 2338 727 2401; x_wconf 88' lang='lat' dir='ltr'><strong>compede</strong></span> <span class='ocrx_word' id='word_1_263' title='bbox 746 2337 847 2387; x_wconf 88' lang='lat' dir='ltr'><strong>dedicat</strong></span> <span class='ocrx_word' id='word_1_264' title='bbox 865 2346 966 2387; x_wconf 85' lang='lat' dir='ltr'><strong>catenas</strong></span> <span class='ocrx_word' id='word_1_265' title='bbox 999 2373 1006 2388; x_wconf 90' lang='lat'><strong>.</strong></span> <span class='ocrx_word' id='word_1_266' title='bbox 1035 2373 1043 2387; x_wconf 82' lang='lat'><strong><em>.</em></strong></span> <span class='ocrx_word' id='word_1_267' title='bbox 1068 2372 1075 2386; x_wconf 93' lang='lat'>.</span> <span class='ocrx_word' id='word_1_268' title='bbox 1102 2372 1109 2387; x_wconf 85' lang='lat'><strong>·</strong></span> <span class='ocrx_word' id='word_1_269' title='bbox 1134 2373 1141 2386; x_wconf 87' lang='lat'>.</span> <span class='ocrx_word' id='word_1_270' title='bbox 1170 2376 1177 2390; x_wconf 93' lang='lat'><strong>.</strong></span> <span class='ocrx_word' id='word_1_271' title='bbox 1208 2377 1215 2391; x_wconf 93' lang='lat'>.</span> 
     </span>
     <span class='ocr_line' id='line_1_28' title="bbox 342 2405 1323 2470; baseline 0.003 -16"><span class='ocrx_word' id='word_1_272' title='bbox 342 2405 483 2456; x_wconf 87' lang='lat' dir='ltr'><strong>Herbarum</strong></span> <span class='ocrx_word' id='word_1_273' title='bbox 499 2405 583 2454; x_wconf 80' lang='lat' dir='ltr'><strong>fueras</strong></span> <span class='ocrx_word' id='word_1_274' title='bbox 601 2407 720 2464; x_wconf 88' lang='lat' dir='ltr'><strong>indutus,</strong></span> <span class='ocrx_word' id='word_1_275' title='bbox 736 2405 830 2470; x_wconf 88' lang='lat' dir='ltr'><strong>Basse,</strong></span> <span class='ocrx_word' id='word_1_276' title='bbox 849 2405 948 2456; x_wconf 87' lang='lat' dir='ltr'><strong>colores</strong></span> <span class='ocrx_word' id='word_1_277' title='bbox 971 2440 1214 2460; x_wconf 87' lang='grc'><strong>........</strong></span> <span class='ocrx_word' id='word_1_278' title='bbox 1315 2444 1323 2469; x_wconf 91' lang='grc'>,</span> 
     </span>
     <span class='ocr_line' id='line_1_29' title="bbox 342 2474 1214 2538; baseline 0 -14"><span class='ocrx_word' id='word_1_279' title='bbox 342 2474 456 2524; x_wconf 90' lang='lat' dir='ltr'><strong>Herculis</strong></span> <span class='ocrx_word' id='word_1_280' title='bbox 469 2475 495 2522; x_wconf 92' lang='lat' dir='ltr'><strong>in</strong></span> <span class='ocrx_word' id='word_1_281' title='bbox 512 2475 598 2538; x_wconf 76' lang='lat' dir='ltr'><strong>magni</strong></span> <span class='ocrx_word' id='word_1_282' title='bbox 609 2474 693 2524; x_wconf 84' lang='lat' dir='ltr'><strong>voltus</strong></span> <span class='ocrx_word' id='word_1_283' title='bbox 711 2474 864 2523; x_wconf 88' lang='lat' dir='ltr'><strong>descendere</strong></span> <span class='ocrx_word' id='word_1_284' title='bbox 880 2474 972 2524; x_wconf 81' lang='lat' dir='ltr'><strong>Caesar</strong></span> <span class='ocrx_word' id='word_1_285' title='bbox 1004 2509 1214 2529; x_wconf 86' lang='grc'><strong>.......</strong></span> 
     </span>
    </p>

    <p class='ocr_par' dir='ltr' id='par_1_10' title="bbox 342 2541 1214 2606">
     <span class='ocr_line' id='line_1_30' title="bbox 342 2541 1214 2606; baseline 0.007 -14"><span class='ocrx_word' id='word_1_286' title='bbox 342 2542 466 2592; x_wconf 85' lang='lat' dir='ltr'><strong>Heredem</strong></span> <span class='ocrx_word' id='word_1_287' title='bbox 482 2557 539 2590; x_wconf 86' lang='lat' dir='ltr'><strong>aum</strong></span> <span class='ocrx_word' id='word_1_288' title='bbox 554 2557 594 2590; x_wconf 89' lang='lat' dir='ltr'><strong>me</strong></span> <span class='ocrx_word' id='word_1_289' title='bbox 609 2543 688 2605; x_wconf 88' lang='lat' dir='ltr'><strong>partis</strong></span> <span class='ocrx_word' id='word_1_290' title='bbox 704 2543 762 2600; x_wconf 89' lang='lat' dir='ltr'><strong>tibi,</strong></span> <span class='ocrx_word' id='word_1_291' title='bbox 780 2541 896 2604; x_wconf 83' lang='lat' dir='ltr'><strong>GarrIce,</strong></span> <span class='ocrx_word' id='word_1_292' title='bbox 915 2551 1018 2606; x_wconf 79' lang='lat' dir='ltr'><strong>quartae</strong></span> <span class='ocrx_word' id='word_1_293' title='bbox 1032 2579 1214 2598; x_wconf 80' lang='lat'><strong>......</strong></span> 
     </span>
    </p>

    <p class='ocr_par' dir='ltr' id='par_1_11' title="bbox 343 2610 1213 2676">
     <span class='ocr_line' id='line_1_31' title="bbox 343 2610 1213 2676; baseline 0.003 -16"><span class='ocrx_word' id='word_1_294' title='bbox 343 2610 467 2660; x_wconf 85' lang='lat' dir='ltr'><strong>Heredem</strong></span> <span class='ocrx_word' id='word_1_295' title='bbox 483 2611 573 2659; x_wconf 82' lang='lat' dir='ltr'><strong>Fabius</strong></span> <span class='ocrx_word' id='word_1_296' title='bbox 589 2611 729 2660; x_wconf 89' lang='lat' dir='ltr'><strong>Labienum</strong></span> <span class='ocrx_word' id='word_1_297' title='bbox 746 2627 778 2661; x_wconf 89' lang='lat' dir='ltr'><strong>ex</strong></span> <span class='ocrx_word' id='word_1_298' title='bbox 795 2626 852 2669; x_wconf 82' lang='lat' dir='ltr'><strong>asse</strong></span> <span class='ocrx_word' id='word_1_299' title='bbox 865 2613 967 2676; x_wconf 89' lang='lat' dir='ltr'><strong>reliquit</strong></span> <span class='ocrx_word' id='word_1_300' title='bbox 994 2648 1213 2667; x_wconf 86' lang='lat'><strong>.......</strong></span> 
     </span>
    </p>

    <p class='ocr_par' dir='ltr' id='par_1_12' title="bbox 342 2678 1277 2806">
     <span class='ocr_line' id='line_1_32' title="bbox 342 2678 1277 2741; baseline 0.004 -14"><span class='ocrx_word' id='word_1_301' title='bbox 342 2679 468 2729; x_wconf 86' lang='lat' dir='ltr'><strong>Heredem</strong></span> <span class='ocrx_word' id='word_1_302' title='bbox 483 2679 530 2728; x_wconf 91' lang='lat' dir='ltr'><strong>tibi</strong></span> <span class='ocrx_word' id='word_1_303' title='bbox 549 2694 604 2738; x_wconf 89' lang='lat' dir='ltr'><strong>me,</strong></span> <span class='ocrx_word' id='word_1_304' title='bbox 623 2678 732 2741; x_wconf 83' lang='lat' dir='ltr'><strong>Catulle,</strong></span> <span class='ocrx_word' id='word_1_305' title='bbox 749 2681 822 2729; x_wconf 85' lang='lat' dir='ltr'><strong>dicis‘</strong></span> <span class='ocrx_word' id='word_1_306' title='bbox 834 2714 1213 2736; x_wconf 87' lang='grc'><strong>............</strong></span> <span class='ocrx_word' id='word_1_307' title='bbox 1273 2708 1277 2713; x_wconf 97' lang='grc'>-</span> 
     </span>
     <span class='ocr_line' id='line_1_33' title="bbox 343 2747 1212 2806; baseline 0.01 -10"><span class='ocrx_word' id='word_1_308' title='bbox 343 2747 468 2806; x_wconf 90' lang='lat' dir='ltr'><strong>Heredes,</strong></span> <span class='ocrx_word' id='word_1_309' title='bbox 483 2748 561 2798; x_wconf 89' lang='lat' dir='ltr'><strong>nolite</strong></span> <span class='ocrx_word' id='word_1_310' title='bbox 578 2749 679 2798; x_wconf 88' lang='lat' dir='ltr'><strong>brevem</strong></span> <span class='ocrx_word' id='word_1_311' title='bbox 693 2764 720 2799; x_wconf 91' lang='lat' dir='ltr'><strong>se</strong></span> <span class='ocrx_word' id='word_1_312' title='bbox 740 2749 801 2799; x_wconf 87' lang='lat' dir='ltr'><strong>elire</strong></span> <span class='ocrx_word' id='word_1_313' title='bbox 820 2751 938 2800; x_wconf 89' lang='lat' dir='ltr'><strong>colonum</strong></span> <span class='ocrx_word' id='word_1_314' title='bbox 960 2785 1212 2805; x_wconf 81' lang='lat'><strong>........</strong></span> 
     </span>
    </p>

    <p class='ocr_par' dir='ltr' id='par_1_13' title="bbox 342 2764 1322 3017">
     <span class='ocr_line' id='line_1_34' title="bbox 343 2764 1212 2883; baseline 0.008 -19"><span class='ocrx_word' id='word_1_315' title='bbox 343 2816 447 2865; x_wconf 88' lang='lat' dir='ltr'><strong>Hermes</strong></span> <span class='ocrx_word' id='word_1_316' title='bbox 467 2816 555 2865; x_wconf 88' lang='lat' dir='ltr'><strong>Martia</strong></span> <span class='ocrx_word' id='word_1_317' title='bbox 574 2817 668 2866; x_wconf 90' lang='lat' dir='ltr'><strong>saeculi</strong></span> <span class='ocrx_word' id='word_1_318' title='bbox 682 2764 801 2883; x_wconf 55' lang='lat' dir='ltr'><strong>volirptas</strong></span> <span class='ocrx_word' id='word_1_319' title='bbox 833 2854 840 2869; x_wconf 85' lang='lat'><strong>.</strong></span> <span class='ocrx_word' id='word_1_320' title='bbox 865 2814 889 2867; x_wconf 82' lang='lat'><strong>.&#39;</strong></span> <span class='ocrx_word' id='word_1_321' title='bbox 897 2853 1212 2875; x_wconf 88' lang='grc'><strong>..........</strong></span> 
     </span>
     <span class='ocr_line' id='line_1_35' title="bbox 342 2884 1322 2951; baseline 0.005 -17"><span class='ocrx_word' id='word_1_322' title='bbox 342 2884 514 2949; x_wconf 79' lang='lat' dir='ltr'><strong>Hermogenes</strong></span> <span class='ocrx_word' id='word_1_323' title='bbox 530 2894 614 2935; x_wconf 91' lang='lat' dir='ltr'><strong>tantus</strong></span> <span class='ocrx_word' id='word_1_324' title='bbox 631 2901 792 2951; x_wconf 89' lang='lat' dir='ltr'><strong>mapparum,</strong></span> <span class='ocrx_word' id='word_1_325' title='bbox 808 2886 953 2951; x_wconf 87' lang='lat' dir='ltr'><strong>†Pontice,</strong></span> <span class='ocrx_word' id='word_1_326' title='bbox 968 2887 1009 2937; x_wconf 89' lang='lat' dir='ltr'><strong>fur</strong></span> <span class='ocrx_word' id='word_1_327' title='bbox 1026 2896 1065 2937; x_wconf 89' lang='lat' dir='ltr'><strong>est</strong></span> <span class='ocrx_word' id='word_1_328' title='bbox 1098 2922 1105 2937; x_wconf 92' lang='lat'><strong>.</strong></span> <span class='ocrx_word' id='word_1_329' title='bbox 1134 2922 1141 2937; x_wconf 87' lang='lat'><strong>.</strong></span> <span class='ocrx_word' id='word_1_330' title='bbox 1169 2926 1176 2940; x_wconf 96' lang='lat'>.</span> <span class='ocrx_word' id='word_1_331' title='bbox 1205 2927 1213 2942; x_wconf 91' lang='lat'><strong>.</strong></span> <span class='ocrx_word' id='word_1_332' title='bbox 1314 2926 1322 2951; x_wconf 89' lang='lat'><strong>,</strong></span> 
     </span>
     <span class='ocr_line' id='line_1_36' title="bbox 342 2953 1212 3017; baseline 0.005 -14"><span class='ocrx_word' id='word_1_333' title='bbox 342 2953 464 3003; x_wconf 89' lang='lat' dir='ltr'><strong>Hesterna</strong></span> <span class='ocrx_word' id='word_1_334' title='bbox 482 2955 575 3004; x_wconf 86' lang='lat' dir='ltr'><strong>lactum</strong></span> <span class='ocrx_word' id='word_1_335' title='bbox 593 2964 720 3016; x_wconf 87' lang='lat' dir='ltr'><strong>narratur,</strong></span> <span class='ocrx_word' id='word_1_336' title='bbox 738 2957 872 3017; x_wconf 91' lang='lat' dir='ltr'><strong>Postume,</strong></span> <span class='ocrx_word' id='word_1_337' title='bbox 892 2971 953 3006; x_wconf 89' lang='lat' dir='ltr'><strong>cena</strong></span> <span class='ocrx_word' id='word_1_338' title='bbox 963 2990 1212 3011; x_wconf 85' lang='grc'><strong>........</strong></span> 
     </span>
    </p>

    <p class='ocr_par' dir='ltr' id='par_1_14' title="bbox 310 3021 1319 3773">
     <span class='ocr_line' id='line_1_37' title="bbox 310 3021 1211 3079; baseline 0.004 -8"><span class='ocrx_word' id='word_1_339' title='bbox 310 3030 315 3039; x_wconf 84' lang='grc'><strong><em>’</em></strong></span> <span class='ocrx_word' id='word_1_340' title='bbox 342 3021 466 3073; x_wconf 89' lang='lat' dir='ltr'><strong>Hesterna</strong></span> <span class='ocrx_word' id='word_1_341' title='bbox 482 3024 529 3072; x_wconf 92' lang='lat' dir='ltr'><strong>tibi</strong></span> <span class='ocrx_word' id='word_1_342' title='bbox 545 3031 617 3073; x_wconf 87' lang='lat' dir='ltr'><strong>noete</strong></span> <span class='ocrx_word' id='word_1_343' title='bbox 633 3024 778 3074; x_wconf 86' lang='lat' dir='ltr'><strong>dixeramus</strong></span> <span class='ocrx_word' id='word_1_344' title='bbox 792 3058 1211 3079; x_wconf 85' lang='grc'><strong>.............</strong></span> 
     </span>
     <span class='ocr_line' id='line_1_38' title="bbox 341 3091 1212 3155; baseline 0.009 -15"><span class='ocrx_word' id='word_1_345' title='bbox 341 3091 463 3141; x_wconf 88' lang='lat' dir='ltr'><strong>Hesterno</strong></span> <span class='ocrx_word' id='word_1_346' title='bbox 478 3092 557 3141; x_wconf 82' lang='lat' dir='ltr'><strong>fetere</strong></span> <span class='ocrx_word' id='word_1_347' title='bbox 574 3108 643 3142; x_wconf 90' lang='lat' dir='ltr'><strong>mero</strong></span> <span class='ocrx_word' id='word_1_348' title='bbox 660 3095 703 3155; x_wconf 91' lang='lat' dir='ltr'><strong>qui</strong></span> <span class='ocrx_word' id='word_1_349' title='bbox 718 3094 797 3142; x_wconf 89' lang='lat' dir='ltr'><strong>credit</strong></span> <span class='ocrx_word' id='word_1_350' title='bbox 814 3095 934 3142; x_wconf 83' lang='lat' dir='ltr'><strong>Acerram</strong></span> <span class='ocrx_word' id='word_1_351' title='bbox 962 3128 1212 3148; x_wconf 84' lang='lat'><strong>........</strong></span> 
     </span>
     <span class='ocr_line' id='line_1_39' title="bbox 341 3161 1211 3226; baseline 0.008 -17"><span class='ocrx_word' id='word_1_352' title='bbox 341 3161 516 3220; x_wconf 82' lang='lat' dir='ltr'><strong>„Hexametris</strong></span> <span class='ocrx_word' id='word_1_353' title='bbox 531 3163 688 3226; x_wconf 77' lang='lat' dir='ltr'><strong>epigramma</strong></span> <span class='ocrx_word' id='word_1_354' title='bbox 701 3162 782 3212; x_wconf 82' lang='lat' dir='ltr'><strong>facis“</strong></span> <span class='ocrx_word' id='word_1_355' title='bbox 797 3163 851 3211; x_wconf 90' lang='lat' dir='ltr'><strong>scio</strong></span> <span class='ocrx_word' id='word_1_356' title='bbox 870 3162 954 3212; x_wconf 91' lang='lat' dir='ltr'><strong>dicere</strong></span> <span class='ocrx_word' id='word_1_357' title='bbox 966 3164 1076 3213; x_wconf 80' lang='lat' dir='ltr'><strong>Tuccam</strong></span> <span class='ocrx_word' id='word_1_358' title='bbox 1098 3196 1106 3213; x_wconf 83' lang='lat'>.</span> <span class='ocrx_word' id='word_1_359' title='bbox 1133 3197 1141 3212; x_wconf 85' lang='lat'><strong>·</strong></span> <span class='ocrx_word' id='word_1_360' title='bbox 1168 3199 1175 3215; x_wconf 88' lang='lat'><em>.</em></span> <span class='ocrx_word' id='word_1_361' title='bbox 1203 3200 1211 3216; x_wconf 85' lang='lat'><strong>.</strong></span> 
     </span>
     <span class='ocr_line' id='line_1_40' title="bbox 340 3229 1211 3291; baseline 0.007 -12"><span class='ocrx_word' id='word_1_362' title='bbox 340 3229 450 3280; x_wconf 85' lang='lat' dir='ltr'><strong>Hiberna</strong></span> <span class='ocrx_word' id='word_1_363' title='bbox 464 3231 579 3291; x_wconf 89' lang='lat' dir='ltr'><strong>quamvis</strong></span> <span class='ocrx_word' id='word_1_364' title='bbox 594 3231 683 3280; x_wconf 77' lang='lat' dir='ltr'><strong>Arctos</strong></span> <span class='ocrx_word' id='word_1_365' title='bbox 697 3239 722 3281; x_wconf 90' lang='lat' dir='ltr'><strong>et</strong></span> <span class='ocrx_word' id='word_1_366' title='bbox 737 3230 809 3280; x_wconf 88' lang='lat' dir='ltr'><strong>rudis</strong></span> <span class='ocrx_word' id='word_1_367' title='bbox 823 3232 904 3281; x_wconf 88' lang='lat' dir='ltr'><strong>Peuce</strong></span> <span class='ocrx_word' id='word_1_368' title='bbox 931 3266 937 3280; x_wconf 94' lang='lat'><strong><em>.</em></strong></span> <span class='ocrx_word' id='word_1_369' title='bbox 953 3254 960 3262; x_wconf 61' lang='grc'><strong>»</strong></span> <span class='ocrx_word' id='word_1_370' title='bbox 963 3267 1211 3285; x_wconf 86' lang='grc'><strong>........</strong></span> 
     </span>
     <span class='ocr_line' id='line_1_41' title="bbox 328 3288 1319 3363; baseline 0.005 -15"><span class='ocrx_word' id='word_1_371' title='bbox 328 3288 464 3348; x_wconf 59' lang='lat' dir='ltr'><strong>*Hibernos</strong></span> <span class='ocrx_word' id='word_1_372' title='bbox 480 3306 594 3363; x_wconf 88' lang='lat' dir='ltr'><strong>peterent</strong></span> <span class='ocrx_word' id='word_1_373' title='bbox 609 3299 685 3349; x_wconf 87' lang='lat' dir='ltr'><strong>solito</strong></span> <span class='ocrx_word' id='word_1_374' title='bbox 703 3315 759 3349; x_wconf 86' lang='lat' dir='ltr'><strong>curn</strong></span> <span class='ocrx_word' id='word_1_375' title='bbox 777 3315 848 3349; x_wconf 90' lang='lat' dir='ltr'><strong>more</strong></span> <span class='ocrx_word' id='word_1_376' title='bbox 860 3315 977 3350; x_wconf 88' lang='lat' dir='ltr'><strong>recessus</strong></span> <span class='ocrx_word' id='word_1_377' title='bbox 998 3334 1211 3353; x_wconf 87' lang='grc'><strong>.......</strong></span> <span class='ocrx_word' id='word_1_378' title='bbox 1286 3300 1319 3361; x_wconf 79' lang='lat' dir='ltr'><strong>V,</strong></span> 
     </span>
     <span class='ocr_line' id='line_1_42' title="bbox 340 3367 1210 3436; baseline 0.005 -20"><span class='ocrx_word' id='word_1_379' title='bbox 340 3367 387 3417; x_wconf 92' lang='lat' dir='ltr'><strong>Hic</strong></span> <span class='ocrx_word' id='word_1_380' title='bbox 403 3368 489 3418; x_wconf 86' lang='lat' dir='ltr'><strong>brevis</strong></span> <span class='ocrx_word' id='word_1_381' title='bbox 502 3368 537 3417; x_wconf 90' lang='lat' dir='ltr'><strong>ad</strong></span> <span class='ocrx_word' id='word_1_382' title='bbox 554 3383 671 3417; x_wconf 89' lang='lat' dir='ltr'><strong>numeros</strong></span> <span class='ocrx_word' id='word_1_383' title='bbox 684 3369 799 3433; x_wconf 88' lang='lat' dir='ltr'><strong>rapidum</strong></span> <span class='ocrx_word' id='word_1_384' title='bbox 817 3370 861 3431; x_wconf 92' lang='lat' dir='ltr'><strong>qui</strong></span> <span class='ocrx_word' id='word_1_385' title='bbox 878 3369 977 3434; x_wconf 83' lang='lat' dir='ltr'><strong>colligit</strong></span> <span class='ocrx_word' id='word_1_386' title='bbox 993 3384 1104 3436; x_wconf 80' lang='lat' dir='ltr'><strong>unguem</strong></span> <span class='ocrx_word' id='word_1_387' title='bbox 1132 3403 1139 3418; x_wconf 85' lang='lat'><strong>.</strong></span> <span class='ocrx_word' id='word_1_388' title='bbox 1168 3406 1175 3420; x_wconf 93' lang='lat'><strong>.</strong></span> <span class='ocrx_word' id='word_1_389' title='bbox 1202 3404 1210 3420; x_wconf 85' lang='lat'><strong>.</strong></span> 
     </span>
     <span class='ocr_line' id='line_1_43' title="bbox 340 3436 1209 3503; baseline 0.007 -19"><span class='ocrx_word' id='word_1_390' title='bbox 340 3436 386 3485; x_wconf 89' lang='lat' dir='ltr'><strong>llic</strong></span> <span class='ocrx_word' id='word_1_391' title='bbox 399 3444 452 3484; x_wconf 91' lang='lat' dir='ltr'><strong>erat</strong></span> <span class='ocrx_word' id='word_1_392' title='bbox 466 3436 509 3486; x_wconf 87' lang='lat' dir='ltr'><strong>ille</strong></span> <span class='ocrx_word' id='word_1_393' title='bbox 525 3444 568 3484; x_wconf 87' lang='lat' dir='ltr'><strong>tuo</strong></span> <span class='ocrx_word' id='word_1_394' title='bbox 586 3437 711 3496; x_wconf 88' lang='lat' dir='ltr'><strong>domitus,</strong></span> <span class='ocrx_word' id='word_1_395' title='bbox 728 3436 874 3502; x_wconf 72' lang='lat' dir='ltr'><strong>Cyparisso,</strong></span> <span class='ocrx_word' id='word_1_396' title='bbox 893 3439 1021 3503; x_wconf 76' lang='lat' dir='ltr'><strong>capistro?</strong></span> <span class='ocrx_word' id='word_1_397' title='bbox 1062 3473 1209 3491; x_wconf 88' lang='grc'><strong>.....</strong></span> 
     </span>
     <span class='ocr_line' id='line_1_44' title="bbox 340 3504 1209 3567; baseline 0.005 -15"><span class='ocrx_word' id='word_1_398' title='bbox 340 3504 388 3552; x_wconf 89' lang='lat' dir='ltr'><strong>Hic</strong></span> <span class='ocrx_word' id='word_1_399' title='bbox 404 3504 466 3563; x_wconf 90' lang='lat' dir='ltr'><strong>erit,</strong></span> <span class='ocrx_word' id='word_1_400' title='bbox 485 3511 512 3553; x_wconf 86' lang='lat' dir='ltr'><strong>ut</strong></span> <span class='ocrx_word' id='word_1_401' title='bbox 525 3504 658 3567; x_wconf 87' lang='lat' dir='ltr'><strong>perhibent</strong></span> <span class='ocrx_word' id='word_1_402' title='bbox 673 3508 803 3556; x_wconf 89' lang='lat' dir='ltr'><strong>doctorum</strong></span> <span class='ocrx_word' id='word_1_403' title='bbox 819 3508 894 3556; x_wconf 88' lang='lat' dir='ltr'><strong>corda</strong></span> <span class='ocrx_word' id='word_1_404' title='bbox 907 3509 1037 3556; x_wconf 86' lang='lat' dir='ltr'><strong>virorum.</strong></span> <span class='ocrx_word' id='word_1_405' title='bbox 1065 3541 1073 3556; x_wconf 90' lang='lat'><strong>.</strong></span> <span class='ocrx_word' id='word_1_406' title='bbox 1099 3542 1106 3555; x_wconf 89' lang='lat'><strong>.</strong></span> <span class='ocrx_word' id='word_1_407' title='bbox 1132 3540 1139 3557; x_wconf 87' lang='lat'><strong>.</strong></span> <span class='ocrx_word' id='word_1_408' title='bbox 1166 3542 1174 3557; x_wconf 89' lang='lat'><strong>.</strong></span> <span class='ocrx_word' id='word_1_409' title='bbox 1202 3542 1209 3556; x_wconf 91' lang='lat'><em>.</em></span> 
     </span>
     <span class='ocr_line' id='line_1_45' title="bbox 340 3572 1208 3637; baseline 0.006 -16"><span class='ocrx_word' id='word_1_410' title='bbox 340 3572 386 3621; x_wconf 91' lang='lat' dir='ltr'><strong>Hic</strong></span> <span class='ocrx_word' id='word_1_411' title='bbox 400 3579 438 3620; x_wconf 87' lang='lat' dir='ltr'><strong>est</strong></span> <span class='ocrx_word' id='word_1_412' title='bbox 451 3574 594 3637; x_wconf 86' lang='lat' dir='ltr'><strong>pampineis</strong></span> <span class='ocrx_word' id='word_1_413' title='bbox 611 3575 699 3624; x_wconf 87' lang='lat' dir='ltr'><strong>viridis</strong></span> <span class='ocrx_word' id='word_1_414' title='bbox 717 3575 793 3625; x_wconf 88' lang='lat' dir='ltr'><strong>modo</strong></span> <span class='ocrx_word' id='word_1_415' title='bbox 809 3577 919 3625; x_wconf 88' lang='lat' dir='ltr'><strong>Vesvius</strong></span> <span class='ocrx_word' id='word_1_416' title='bbox 934 3577 1031 3625; x_wconf 87' lang='lat' dir='ltr'><strong>umbris</strong></span> <span class='ocrx_word' id='word_1_417' title='bbox 1062 3609 1208 3627; x_wconf 90' lang='grc'><strong>.....</strong></span> 
     </span>
     <span class='ocr_line' id='line_1_46' title="bbox 340 3640 1209 3707; baseline 0.007 -18"><span class='ocrx_word' id='word_1_418' title='bbox 340 3640 387 3690; x_wconf 89' lang='lat' dir='ltr'><strong>Hic</strong></span> <span class='ocrx_word' id='word_1_419' title='bbox 403 3647 442 3689; x_wconf 85' lang='lat' dir='ltr'><strong>ost</strong></span> <span class='ocrx_word' id='word_1_420' title='bbox 458 3655 533 3702; x_wconf 88' lang='lat' dir='ltr'><strong>quam</strong></span> <span class='ocrx_word' id='word_1_421' title='bbox 548 3642 613 3707; x_wconf 80' lang='lat' dir='ltr'><strong>legis</strong></span> <span class='ocrx_word' id='word_1_422' title='bbox 632 3642 690 3703; x_wconf 88' lang='lat' dir='ltr'><strong>ille,</strong></span> <span class='ocrx_word' id='word_1_423' title='bbox 712 3659 786 3706; x_wconf 90' lang='lat' dir='ltr'><strong>quem</strong></span> <span class='ocrx_word' id='word_1_424' title='bbox 803 3645 913 3706; x_wconf 85' lang='lat' dir='ltr'><strong>requiris</strong></span> <span class='ocrx_word' id='word_1_425' title='bbox 935 3678 1209 3695; x_wconf 86' lang='grc'><strong>.........</strong></span> 
     </span>
     <span class='ocr_line' id='line_1_47' title="bbox 339 3708 1207 3773; baseline 0.006 -15"><span class='ocrx_word' id='word_1_426' title='bbox 339 3708 385 3760; x_wconf 88' lang='lat' dir='ltr'><strong>Hic</strong></span> <span class='ocrx_word' id='word_1_427' title='bbox 402 3709 522 3760; x_wconf 83' lang='lat' dir='ltr'><strong>festinata</strong></span> <span class='ocrx_word' id='word_1_428' title='bbox 540 3712 675 3773; x_wconf 84' lang='lat' dir='ltr'><strong>requiescit</strong></span> <span class='ocrx_word' id='word_1_429' title='bbox 694 3712 797 3762; x_wconf 87' lang='lat' dir='ltr'><strong>Erotion</strong></span> <span class='ocrx_word' id='word_1_430' title='bbox 814 3715 903 3763; x_wconf 86' lang='lat' dir='ltr'><strong>umbra</strong></span> <span class='ocrx_word' id='word_1_431' title='bbox 932 3746 1207 3764; x_wconf 86' lang='grc'><strong>.........</strong></span> 
     </span>
    </p>
   </div>
   <div class='ocr_carea' id='block_1_3' title="bbox 1232 3262 1368 3633">
    <p class='ocr_par' dir='ltr' id='par_1_15' title="bbox 1232 3262 1368 3633">
     <span class='ocr_line' id='line_1_48' title="bbox 1232 3506 1271 3559; textangle 90"><span class='ocrx_word' id='word_1_432' title='bbox 1232 3506 1271 3559; x_wconf 66' lang='grc' dir='ltr'><strong>ξε</strong></span> 
     </span>
     <span class='ocr_line' id='line_1_49' title="bbox 1294 3262 1368 3633; textangle 90"><span class='ocrx_word' id='word_1_433' title='bbox 1294 3262 1368 3633; x_wconf 42' lang='lat' dir='ltr'><strong>&#39;ae-,5:522</strong></span> 
     </span>
    </p>
   </div>
   <div class='ocr_carea' id='block_1_4' title="bbox 1328 3636 1363 3761">
    <p class='ocr_par' dir='ltr' id='par_1_16' title="bbox 1328 3636 1363 3761">
     <span class='ocr_line' id='line_1_50' title="bbox 1328 3636 1363 3761; textangle 90"><span class='ocrx_word' id='word_1_434' title='bbox 1328 3636 1363 3761; x_wconf 58' lang='grc' dir='ltr'><strong>βε·-</strong></span> 
     </span>
    </p>
   </div>
   <div class='ocr_carea' id='block_1_5' title="bbox 0 0 1638 4409">
    <p class='ocr_par' dir='ltr' id='par_1_17' title="bbox 0 0 1638 4409">
     <span class='ocr_line' id='line_1_51' title="bbox 0 0 1638 4409; baseline 0 2"><span class='ocrx_word' id='word_1_435' title='bbox 0 0 1638 4409; x_wconf 95' lang='lat' dir='ltr'><strong> </strong></span> 
     </span>
    </p>
   </div>
  </div>
 </body>
</html>
