3267 4409
519 457 1025 542 nP1qnuMo1AToNL1n.x11.
1230 459 1294 521 299

295 611 453 678 roscrnit
468 612 616 690 carmina,
635 631 712 690 quae
726 609 837 690 legunt
851 617 1001 673 cacuutes.
1144 673 1148 677 .
1182 682 1185 686 .

337 698 438 758 Frons
454 696 529 755 haec
543 697 685 774 stigmate
700 716 761 755 uon
778 713 846 755 meo
862 695 996 756 notanda
1011 702 1069 760 est.

337 908 467 986 Antiqui
481 923 537 966 rex
550 924 664 985 magne
674 905 739 986 poli
752 904 920 985 mundique
933 906 1063 986 priorIs,

379 992 441 1052 Sub
459 1009 519 1069 quo
533 991 621 1069 pigra
636 993 722 1068 quies
736 1010 794 1051 uec
809 989 898 1051 labor
913 989 1091 1067 alluserat,

334 1075 400 1137 Nec
414 1073 519 1153 regale
534 1075 623 1133 nimis
639 1072 757 1134 fulmen
770 1093 829 1134 uec
844 1073 972 1135 fulmine
987 1073 1088 1152 digni,

378 1159 482 1218 Scissa
494 1176 553 1216 uec
568 1156 606 1217 ad
620 1158 746 1236 Manes,
768 1157 824 1217 sed
840 1160 899 1218 sibi
914 1157 999 1218 diues
1013 1158 1137 1217 humus:

315 1243 453 1305 5Laetus
469 1240 507 1300 ad
521 1241 597 1301 haec
611 1241 775 1320 facilisque
789 1244 860 1301 veni
875 1240 1036 1303 sollemnia
1050 1239 1150 1300 Prisci

379 1324 512 1386 Gaudia:
536 1344 604 1384 cum
619 1328 762 1386 sacriste
778 1325 870 1386 decet
885 1345 953 1386 esse
969 1327 1040 1386 tuis.

335 1409 386 1471 Tu
400 1407 546 1469 reducem
559 1410 679 1488 patriae
694 1417 794 1488 sexta,
814 1416 904 1489 pater
920 1411 1051 1490 optime,
1073 1408 1197 1470 bruma·
1296 1404 1305 1414 “

377 1493 502 1553 Pacifici
515 1492 603 1552 Latia
616 1492 723 1553 reddis
738 1495 774 1553 ab
790 1495 867 1553 urbe
882 1495 1007 1554 Numae.

335 1578 463 1654 (lerum,
485 1583 521 1636 ut
534 1577 670 1636 Ausonio
685 1577 792 1637 slmiIis
807 1579 864 1641 tibi
878 1597 989 1657 pompa
1003 1572 1132 1635 macello

293 1674 327 1726 10
375 1659 516 1721 Pendeat
530 1667 563 1725 et
577 1668 706 1740 quantus
724 1659 898 1721 luxurietur
912 1659 1032 1721 honos?

335 1746 432 1824 Quam
446 1763 508 1803 nou
524 1763 617 1823 parca
632 1765 737 1805 manus
752 1744 919 1824 largaeque
933 1745 1113 1805 nomismata
1126 1760 1267 1816 mensae,

376 1829 478 1905 Quae,
500 1827 650 1906 Saturne,
672 1830 730 1889 tibi
744 1834 1006 1908 pernumerentur
1021 1826 1118 1907 opes?

333 1912 439 1990 thue
446 1911 496 1970 sit
509 1911 558 1971 his
572 1913 706 1991 pretium
720 1914 841 1972 meritis
857 1919 889 1972 et
904 1913 1002 1990 gratia
1015 1911 1128 1989 maior,

374 1997 417 2056 nt
429 2000 519 2075 pater
535 2002 568 2055 et
583 1992 664 2074 frn'gi
678 1997 722 2055 sic
738 2003 790 2056 tna
808 2015 894 2056 sacra
909 1995 991 2056 colit.

291 2081 374 2144 15At
387 2084 422 2139 tn
436 2083 542 2138 sancte
555 2086 608 2138 tuo
624 2081 669 2139 sic
681 2098 804 2159 semper
821 2098 923 2139 amere
938 2076 1118 2155 Decembri,

375 2164 442 2226 llos
455 2161 505 2222 illi
517 2162 624 2225 iubeas
638 2181 732 2243 saepe
745 2161 852 2223 redire
867 2161 943 2224 dles.
996 2234 998 2238 ἱ
1044 2169 1046 2172 ’

717 2297 822 2360 LXIII.

332 2397 434 2459 Uncto
451 2393 597 2457 corduba
610 2391 724 2455 laetior
737 2395 893 2474 Venafro,
961 2437 968 2444 -

332 2482 440 2542 Histra
453 2497 512 2540 nec
526 2479 625 2538 minus
643 2478 780 2542 absoluta
795 2485 893 2558 testa,
928 2492 932 2498 '

332 2565 407 2625 Albi
424 2582 502 2644 quae
517 2581 644 2642 superas
659 2582 731 2623 oves
747 2562 889 2641 Galaesi,

330 2646 424 2709 Nullo
439 2647 557 2707 murice
572 2665 631 2705 nec
648 2666 759 2707 cruore
774 2646 920 2726 mendax,

308 2731 396 2796 5Sed
410 2732 516 2792 tinctis
533 2731 678 2808 gregibus
693 2730 797 2791 colore
810 2733 895 2791 viro:

331 2817 389 2877 Dic
403 2821 525 2892 vestro,
546 2832 639 2891 rogo,
662 2815 703 2874 sit
716 2814 817 2894 pudor
831 2820 962 2894 poetae,

331 2901 398 2961 Nec
413 2900 508 2979 gratis
524 2898 639 2958 recitet
652 2916 738 2957 meos
751 2896 892 2959 libellos:

330 2984 480 3061 Ferrem,
499 2982 525 3040 si
539 2981 660 3041 iaceret
673 2982 771 3042 bonus
784 2987 894 3061 poeta,

334 3068 393 3128 cm
406 3084 529 3148 possem
545 3063 619 3124 dare
632 3071 753 3124 mutuos
769 3062 909 3125 dolores:

291 3162 326 3215 10
334 3151 512 3230 Corrumpit
527 3149 593 3207 sine
608 3147 725 3208 talione
740 3147 873 3210 caelebs.

333 3236 451 3295 Caecus
469 3231 605 3312 perdere
620 3250 683 3291 uon
697 3237 803 3312 potest
818 3227 900 3311 quod
916 3229 1026 3293 aufert.

331 3317 384 3379 Nil
400 3324 449 3380 est
464 3316 602 3377 deterius
616 3315 738 3376 latrone
752 3315 851 3376 nudo:

330 3402 384 3464 Nu
398 3401 536 3464 securius
551 3405 600 3461 est
611 3398 692 3461 malo
705 3406 808 3481 pocta.

717 3511 824 3576 LXIV.

332 3611 518 3677 Vincentem
533 3631 640 3681 roseos
654 3613 795 3691 faeleque
811 3606 958 3691 comaque
971 3609 1129 3671 ministros

377 3695 476 3758 Cinna
489 3716 596 3758 cocum
609 3696 695 3762 fecit.
725 3698 825 3760 clnna'
838 3694 963 3778 gulosus
977 3696 1068 3756 homo
1083 3699 1141 3756 est.
1164 3779 1169 3785 ¹
