3267 4409
683 439 806 516 sarran
827 469 901 516 vrrr.
1243 462 1284 523 53

300 607 469 689 [Corvinum
491 615 521 669 et
541 604 660 668 Galbam
680 607 815 668 auriculis
834 626 964 689 nasoque
986 609 1151 671 carentem?
1265 627 1281 678 5

298 692 372 767 Quis
393 691 520 767 fructus,
543 692 661 768 generis
684 688 780 751 tabula
801 693 910 752 iactare
931 693 1045 773 capaci]

299 773 471 851 Corvinum,
493 775 617 854 posthac
635 776 722 835 multa
745 777 915 857 contingere
936 777 1019 853 virga

297 858 441 920 Fumosos
463 863 588 937 equitum
609 877 674 920 cum
693 860 835 919 dictatore
854 861 1024 937 magistros,

299 944 331 1004 Si
354 961 451 1002 coram
472 942 591 1022 Lepidis
611 943 687 1003 male
707 941 832 1003 vivitur?
854 944 968 1020 efligies
989 960 1046 1023 quo

298 1026 356 1088 Tot
378 1027 566 1103 bellatorum,
589 1028 613 1086 si
635 1027 741 1086 luditur
761 1027 827 1087 alea
847 1045 960 1106 pernox
989 1030 991 1034 '

298 1110 376 1170 Ante
397 1107 606 1170 Numantinos?
627 1111 799 1170 si·dormire
820 1113 923 1190 incipis
946 1118 1011 1171 ortu

250 1239 253 1245 ,
297 1193 440 1269 Luciferi,
461 1211 518 1271 quo
540 1196 622 1272 signa
644 1193 734 1254 duces
756 1202 786 1253 et
808 1205 902 1255 castra
924 1192 1101 1256 movebant?

300 1275 360 1336 Gur
381 1276 582 1355 Allobrogicis
605 1286 634 1337 et
652 1285 755 1354 magna
776 1279 903 1355 gaudeat
923 1296 974 1339 ara

296 1359 390 1421 Natus
413 1362 441 1420 in
462 1360 608 1421 llereuleo
631 1360 737 1422 Fabius
757 1361 837 1437 lare,
861 1364 886 1421 si
908 1361 1048 1441 cupidus,
1071 1361 1097 1422 si

296 1443 397 1505 Vanus
419 1452 449 1504 et
469 1443 609 1522 Euganea
632 1446 810 1523 quantumvis
832 1446 948 1506 mollior
970 1442 1067 1523 agna?

297 1529 331 1590 Si
353 1536 484 1588 tenerum
505 1531 617 1605 attritus
638 1526 785 1589 Catinensi
808 1531 923 1607 pumice
942 1527 1067 1589 lumbum

298 1611 474 1691 squalentes
491 1613 614 1673 traducit
633 1629 704 1674 avos
727 1622 899 1691 emptorque
911 1613 1024 1674 ueneni

297 1694 470 1772 Frangenda
490 1697 624 1756 miseram
646 1697 773 1757 funestat
794 1698 917 1774 imagine
938 1694 1077 1774 gentem?

297 1778 374 1839 'l'ota
395 1780 465 1840 licet
486 1788 604 1840 veteres
626 1789 768 1841 exornent
788 1781 913 1860 undique
937 1798 1024 1843 cerae

296 1863 397 1940 Atria,
417 1862 552 1924 nobilitas
574 1865 636 1924 sola
658 1874 810 1942 astatque
832 1867 915 1924 unica
934 1867 1035 1925 virtus.

297 1947 405 2008 Paulus
425 1946 474 2007 vel
499 1946 609 2008 Cossus
631 1947 679 2008 vel
700 1949 812 2008 Drusus
831 1948 959 2008 moribus
978 1956 1058 2018 esto:

299 2032 362 2093 lios
382 2041 448 2091 ante
469 2032 584 2108 efligies
604 2033 742 2092 maiorum
763 2049 841 2109 pone
863 2040 993 2102 tuorum;

298 2114 482 2175 Praecedaut
505 2117 583 2194 ipsas
606 2115 647 2175 illi
668 2124 697 2175 te
718 2115 838 2174 consule
860 2116 968 2192 virgas.

297 2197 392 2258 Prima
413 2200 480 2259 mibi
502 2198 595 2259 debes
617 2201 700 2260 animi
723 2199 814 2268 bona;
840 2208 955 2259 sanctus
977 2197 1079 2261 baberi

298 2281 487 2363 lustitiaeque
505 2292 594 2343 tenax
614 2283 699 2344 factis
721 2284 864 2362 dictisque
885 2285 1024 2343 mereris:

299 2367 441 2444 Agnosco
465 2385 629 2446 procerem.
674 2367 779 2443 Salve,
804 2367 971 2443 Gaetulice,
994 2385 1047 2428 seu
1069 2376 1099 2428 tu

298 2450 430 2512 Silanus:
450 2468 639 2529 quocumque
653 2451 710 2512 alio
732 2452 768 2512 de
789 2453 927 2528 sanguine
948 2469 1030 2512 rarus

300 2531 382 2593 Civis
400 2544 432 2594 et
454 2536 592 2612 egregius
613 2538 724 2614 patriae
746 2537 888 2612 contingis
909 2537 1020 2612 ovanti,

298 2617 472 2679 Exclamare
491 2618 578 2695 libet,
600 2621 726 2699 populus
746 2619 821 2698 quod
846 2621 949 2680 clamat
971 2619 1048 2681 Osiri

298 2700 431 2762 Invento.
476 2702 547 2777 Quis
568 2705 642 2763 euim
661 2721 837 2781 generosum
860 2705 964 2764 dixerit
983 2704 1074 2782 bunc,
1096 2705 1144 2785 qui

298 2784 436 2862 Indignus
454 2805 564 2864 genere
585 2796 615 2847 et
636 2789 789 2867 praeclaro
811 2789 926 2847 nornine
948 2796 1055 2847 tantum

300 2868 447 2947 insignis?
469 2888 570 2933 nauum
593 2872 738 2931 cuiusdam
755 2870 873 2930 Atlanta
894 2888 1043 2948 vocamus,

299 2954 477 3033 Aethiopem
493 2959 638 3032 Cycnum,
660 2972 777 3033 pravam
800 2962 1001 3031 extortamque
1022 2953 1148 3034 puellam

299 3037 455 3116 Europeu3
479 3038 597 3099 canibus
618 3040 710 3117 pigris
730 3036 889 3116 scabieque
910 3046 1025 3099 vetusta

299 3122 427 3182 Levibus
450 3132 479 3182 et
500 3125 598 3184 siccae
619 3121 810 3182 lambentibus
833 3139 884 3182 ora
907 3122 1045 3182 lucernae
1251 3124 1284 3184 35

298 3204 414 3266 Nomen
434 3208 488 3266 erit
510 3207 633 3287 pardus,
656 3207 755 3284 tigris,
780 3205 845 3282 leo,
870 3207 893 3266 si
911 3204 978 3283 quid
996 3204 1089 3266 adbuc
1111 3213 1157 3264 est

301 3290 388 3363 Quod
405 3290 508 3351 fremat
529 3291 661 3351 interris
680 3287 857 3350 violentius?
901 3289 981 3367 Ergo
1003 3288 1123 3351 cavebis

300 3373 341 3435 Et
361 3383 488 3451 metues,
512 3395 550 3436 ne
571 3385 600 3435 tu
623 3377 666 3434 sic
687 3372 821 3435 Creticus
842 3383 890 3434 aut
912 3370 1090 3434 Camerinus.

344 3457 397 3518 llis
419 3476 475 3536 ego
499 3478 584 3538 quem
605 3455 722 3519 monui?
749 3467 845 3518 tecum
861 3467 907 3519 est
924 3458 992 3518 mibi
1013 3473 1127 3533 sermo,
1147 3454 1265 3517 Rubelli

300 3541 423 3603 Blande.
468 3542 573 3603 'l'umes
596 3543 654 3603 alto
675 3543 834 3603 Drusorum
857 3551 1024 3619 stemmate,
1045 3549 1195 3621 tamqnam¹
1251 3546 1288 3615 40

276 3638 279 3642 '
300 3625 423 3688 Feceris
445 3627 508 3705 ipse
531 3627 653 3705 aliquid,
673 3625 890 3706 propterquod
911 3618 1017 3686 nobilis
1038 3642 1136 3707 essem
1165 3630 1198 3673 '-'-
1255 3646 1292 3673 ἰι
1317 3678 1321 3685 .

300 3709 340 3772 Ut
362 3719 391 3772 te
408 3713 594 3791 conciperet,
617 3728 692 3794 quae
713 3712 854 3790 sanguiue
875 3709 968 3790 fulget
985 3708 1054 3791 luti,
1105 3724 1110 3731 ·
1131 3728 1135 3745 =
1159 3676 1337 3889 Ἣ,
