3267 4409
358 478 421 544 366
632 471 758 537 INDEX
770 472 1121 538 EPlGRAMMA'l'ON.

360 629 593 682 Omihicurarnm
608 627 718 692 pretinm
732 641 784 676 non
798 624 853 674 vile
868 638 982 674 mearum
1010 659 1017 674 .
1045 658 1052 673 .
1151 660 1158 675 .
1187 659 1195 674 .
1223 660 1231 676 .

360 699 461 750 Omihi
474 704 547 763 grata
565 697 651 760 quies,
675 696 818 757 obiendo,
834 692 1004 757 Telesphoro,
1020 708 1081 743 cura
1114 729 1123 743 .
1152 728 1159 742 .
1187 728 1195 743 .
1223 728 1231 745 .

361 768 382 818 O
397 767 460 817 mihi
477 773 535 831 post
553 765 650 825 nullos,
664 763 727 824 Iuli,
745 762 907 813 memorande
922 761 1024 811 sodales
1045 795 1232 813 ......
1322 808 1324 813 ,

361 837 381 888 O
397 835 488 885 molles
503 836 548 884 tibi
565 834 723 896 quindecim,
738 831 830 882 Calene
839 863 1231 882 ............
1322 876 1324 881 .

361 904 381 954 0
398 919 474 968 quam
489 903 598 954 blandus
615 916 657 960 es,
675 902 824 960 Ammiano,
841 900 916 949 metri
944 933 1232 949 .........

361 973 555 1039 Otemperatae
573 970 646 1020 dulce
661 971 775 1020 Formiae
793 969 854 1018 litus
877 1003 883 1018 .
911 1003 918 1016 .
945 1003 952 1016 .
980 1002 986 1016 .
1012 1002 1019 1016 .
1047 1002 1054 1017 .
1083 1003 1090 1016 .
1117 1004 1124 1017 .
1153 1004 1159 1018 .
1187 1002 1195 1017 .
1225 956 1236 1019 .'
1308 970 1324 1019 Σ

361 1042 462 1101 Obstat,
478 1056 535 1090 care
548 1040 662 1100 Pudens,
678 1040 771 1088 nostris
786 1053 835 1087 sua
849 1036 923 1086 turba
936 1035 1029 1086 libellis
1048 1071 1232 1087 ......
1297 1040 1324 1091 Π

362 1110 480 1162 Occurris
495 1123 645 1172 quoeunque
663 1107 719 1156 loco
738 1107 816 1167 mihi,
831 1106 964 1168 Postume,
980 1104 1078 1154 clamas
1118 1141 1125 1155 .
1153 1140 1160 1155 .
1188 1140 1196 1154 .
1225 1143 1232 1156 .
1317 1110 1324 1159 l

361 1179 477 1230 Occurris
491 1179 621 1240 quotieas,
639 1177 766 1240 Luperce,
784 1175 859 1225 nobis
869 1208 1232 1224 ...........
1310 1178 1324 1234 Ι,

361 1246 474 1297 Occurrit
491 1247 537 1296 tibi
552 1260 625 1294 nemo
643 1245 710 1307 quod
725 1245 832 1294 libenter
842 1277 1232 1293 ............
1302 1246 1323 1295 ll

362 1315 505 1380 Octaphoro
520 1329 597 1365 sanus
610 1319 736 1378 portatur,
754 1315 845 1375 Avite,
863 1311 996 1377 Philippus
1012 1346 1232 1361 .......
1300 1314 1324 1363 V

360 1383 481 1434 Octobres
496 1398 544 1447 age
560 1386 652 1432 sentiat
667 1383 792 1432 Kalendas
804 1414 1232 1432 .............
1310 1382 1324 1431 l

362 1452 441 1502 Oculo
459 1452 586 1501 Philaenis
601 1467 703 1515 semper
717 1451 797 1501 altero
812 1450 895 1515 plorat
906 1478 1231 1500 ...........
1300 1452 1324 1501 Il

361 1519 453 1570 Oderat
472 1527 529 1569 ante
545 1522 638 1570 ducum
655 1521 763 1570 famulos
778 1522 928 1582 turbamque
944 1519 1057 1583 priorem
1082 1551 1232 1568 .....
1297 1522 1324 1571 ll

362 1587 410 1637 Odi
425 1595 466 1648 te,
483 1589 543 1650 quia
557 1588 640 1638 bellus
659 1603 699 1648 es,
715 1588 815 1638 Sabelle
843 1619 1232 1639 ............
1286 1589 1323 1640 Xl

361 1655 415 1706 Ohc
432 1657 484 1704 iam
502 1658 563 1704 satis
581 1664 633 1716 est,
653 1657 701 1706 ohe
718 1657 801 1706 libelle
838 1689 1232 1707 ............
1297 1660 1324 1707 ll

362 1724 455 1775 Omnes
474 1731 517 1774 aut
534 1725 631 1774 vetulas
650 1724 728 1774 habes
745 1726 840 1774 amicas
875 1759 1232 1775 ...........
1279 1728 1324 1777 ³ill

362 1793 454 1845 Omnes
473 1793 603 1843 eunuchos
621 1794 698 1843 habet
714 1793 789 1843 Almo
803 1808 851 1843 nec
866 1795 953 1858 arrigit
969 1793 1025 1858 ipse
1049 1826 1231 1842 ......
1308 1796 1324 1847 l

362 1860 456 1912 Omnes
473 1863 634 1927 persequeris
651 1871 810 1926 praetorum,
831 1862 919 1927 Cotta,
937 1861 1039 1913 libellos
1052 1896 1231 1913 ......
1310 1866 1324 1915 l

363 1930 455 1982 Omnes
471 1947 533 1994 quus
551 1932 653 1991 habuit,
672 1931 794 1990 Fabiana,
813 1932 919 1997 Lycoris
933 1931 1027 1982 amicas
1049 1964 1231 1982 ......
1301 1935 1324 1983 ll

362 1998 455 2050 Omnes
473 2001 575 2062 quidem
592 2000 671 2050 libelli
683 2001 747 2061 mei,
766 2002 866 2050 domina
881 2032 1231 2050 ...........
1237 2001 1324 2067 Vlll,p

363 2068 455 2118 Omnes
474 2069 612 2134 Sulpiciam
629 2070 713 2135 legant
730 2070 830 2134 puellae
845 2102 1021 2119 ......
1021 2094 1024 2099 ·
1048 2102 1231 2118 ......
1310 2072 1324 2121 l

362 2136 467 2196 Omnia,
486 2137 589 2200 Castor,
607 2141 685 2189 emis:
702 2139 810 2201 sichel,
826 2145 854 2188 ul
870 2139 954 2188 omnia
968 2138 1064 2187 vendas
1086 2170 1231 2188 .....
1290 2140 1324 2191 Vl

363 2205 453 2256 Omnia
470 2222 528 2256 cum
544 2215 611 2258 retro
625 2209 713 2273 pueris
728 2211 834 2272 opsonia
851 2209 957 2257 tradas.
985 2241 992 2255 .
1018 2242 1038 2276 .,
1052 2239 1231 2257 ......
1301 2210 1324 2263 ll

363 2274 454 2324 Omnia
470 2276 586 2326 femineis
604 2293 683 2339 quare
700 2277 791 2327 dilecta
804 2277 911 2328 catervis
944 2308 1231 2326 .........
1299 2276 1324 2327 X

363 2342 454 2394 Omnia
468 2346 561 2394 misisti
580 2346 643 2395 mihi
662 2346 849 2406 Saturnalibus,
864 2345 957 2395 Umber
985 2377 1231 2394 ........
1292 2347 1324 2395 Vl

363 2410 453 2462 Omnia
468 2415 609 2478 promittis,
625 2429 681 2464 cum
695 2421 748 2464 tote
760 2423 840 2465 nocte.
849 2415 937 2465 bibisti
947 2445 1231 2464 .........
1285 2414 1323 2465 Xl

362 2478 453 2535 Omnia
469 2483 537 2544 quod
552 2483 643 2531 scribis
658 2483 734 2532 castis
750 2485 935 2548 epigrammata
950 2481 1036 2534 verbis
1048 2514 1231 2531 ......
1301 2484 1324 2535 ll

363 2546 453 2597 Omnia
469 2551 506 2599 vis
523 2551 602 2610 belle,
620 2549 721 2612 Matho,
736 2552 827 2601 dicere.
864 2550 1090 2615 Dicaliquendo.
1118 2584 1125 2597 .
1154 2585 1160 2600 .
1307 2552 1324 2603 l

363 2615 450 2667 Omnis
468 2618 494 2666 ln
511 2617 559 2668 hac
574 2620 663 2684 gracili
675 2619 828 2670 Xeniorum
846 2623 920 2671 turbs
939 2619 1024 2670 libello
1048 2651 1231 2670 ......
1291 2620 1324 2671 Χ]

362 2685 504 2751 Oppressae
518 2688 622 2737 nimium
642 2689 722 2738 vicina
737 2697 777 2738 est
795 2689 875 2740 fascia
890 2690 1012 2755 plumae?
1049 2721 1231 2739 ......
1254 2689 1324 2753 ΧΝ,

362 2754 444 2805 Orbus
462 2769 489 2805 es
502 2763 527 2805 et
543 2755 657 2821 locuples
675 2765 700 2807 et
714 2758 790 2808 Bruto
807 2759 911 2809 consule
927 2765 1002 2808 natus
1013 2790 1231 2808 .......
1300 2760 1324 2811 X

362 2823 462 2889 Orphea
476 2826 545 2888 quod
559 2827 643 2875 subito
661 2826 736 2876 tellus
752 2829 835 2878 emisit
851 2828 923 2878 hiatu
945 2858 1231 2877 .........
1253 2826 1311 2891 Ep.

364 2892 398 2943 Os
411 2900 436 2943 et
454 2892 523 2944 labra
537 2895 584 2944 tibi
601 2894 690 2961 lingit,
706 2897 837 2958 Menaeis,
853 2896 957 2947 catellus
980 2928 1231 2945 ........

364 2962 398 3014 Os
416 2962 482 3014 male
496 2965 632 3016 causidicis
648 2972 677 3015 et
690 2966 754 3016 dicis
772 2965 840 3016 olere
852 2966 935 3030 poetis
947 2997 1231 3016 .........
1297 2964 1324 3017 X

856 3115 895 3197 P.

362 3234 482 3283 Paedical
493 3248 587 3300 pueros
604 3233 682 3284 tribas
698 3233 826 3285 Philaenis
845 3268 990 3283 .....
992 3228 995 3233 ’
1017 3266 1233 3285 .......
1283 3232 1324 3283 vn

361 3302 513 3353 Paedicatur
525 3304 602 3360 Eros,
621 3302 691 3352 iellat
705 3302 797 3352 Linus:
817 3301 875 3363 Ole,
894 3303 956 3366 quid
971 3301 1004 3352 ad
1022 3308 1046 3349 te
1083 3336 1232 3353 .....
1287 3302 1323 3351 vl

361 3372 545 3422 Paediconibus
564 3388 592 3421 os
611 3372 678 3422 olere
697 3373 760 3422 dicis
781 3404 1232 3422 ..............
1285 3370 1324 3421 xl

361 3439 458 3489 Pallida
473 3456 504 3490 na
518 3440 624 3491 Cilicum
638 3442 743 3490 timeant
759 3441 874 3505 pomaria
890 3440 1005 3490 brumam
1017 3472 1231 3489 .......
1272 3440 1324 3491 Vlll

361 3506 448 3557 Palma
465 3510 530 3575 regit
543 3519 657 3570 nostros,
676 3510 808 3559 mitissime
827 3507 930 3567 Caesar,
948 3509 1054 3558 Hiberos
1083 3541 1232 3559 .....
1303 3506 1324 3559 ll

361 3577 519 3628 Pannonicas
537 3580 610 3628 nobis
625 3593 753 3641 nunqnam
768 3579 839 3629 dedit
853 3577 956 3628 Umbria
973 3584 1053 3627 cottas
1085 3611 1232 3628 .....
1271 3576 1324 3629 xil

361 3645 411 3694 Par
428 3647 509 3695 scelus
528 3647 632 3697 admisit
648 3647 747 3697 Phariis
763 3644 887 3696 Antonius
903 3648 1022 3703 armis„
1050 3682 1056 3695 .
1153 3680 1161 3695 .
1189 3681 1195 3695 .
1224 3681 1231 3695 .
1297 3646 1324 3697 lll

361 3714 465 3765 Porcius
482 3716 561 3765 utaris
569 3753 577 3778 ,
591 3731 694 3774 moneo,
711 3717 826 3782 rapiente
841 3716 933 3767 veredo
952 3747 1232 3766 .........
1290 3712 1324 3765 lll
