3267 4409
672 389 878 438 manerio.
1235 393 1285 440 vn

297 546 382 622 125,
404 565 496 627 quam
510 542 745 617 emendatricem
761 565 885 624 operam
899 544 964 605 ludi
985 547 1080 607 satius
1096 568 1165 609 esse
1179 546 1284 608 videa·

292 642 368 708 tur3
380 631 454 690 mihi
469 637 550 688 certe
565 648 623 688 nec
635 634 844 703 prommoticam
857 649 912 707 pro
928 635 1032 704 tropico
1044 631 1200 692 Prellcrus
1212 632 1284 690 ibid.

296 712 397 787 1846,
410 735 442 793 p.
457 712 507 785 43,
522 732 581 771 nec
597 720 717 785 tempore
731 718 834 787 tropico
854 711 995 773 Osannus
1016 713 1048 772 in
1064 714 1175 774 Philol.
1192 715 1230 774 T.
1243 716 1285 788 11,

294 820 333 881 p.
349 794 413 859 384
430 795 586 876 probavit,
602 803 697 874 utque
717 795 883 855 concedam
904 797 1053 872 tragicum
1074 807 1196 877 poetam
1211 797 1284 858 Ocr-

294 889 410 951 nutnm
434 899 500 939 cum
520 878 686 938 Welckero
706 878 820 955 griech.
841 878 994 956 lbagoed.
1017 900 1048 958 p.
1078 881 1158 941 1457
1179 881 1287 941 haberi

295 966 360 1025 vix
379 981 484 1043 posse,
512 960 590 1021 illud
615 969 732 1035 tamen,
756 962 838 1041 quod
860 963 907 1022 rei
926 963 1015 1021 unice
1038 958 1201 1024 convenire
1220 966 1286 1043 jam

294 1048 451 1109 Pithoeus
464 1045 631 1118 intellexit,
646 1045 795 1124 quomodo
811 1065 878 1105 cum
892 1046 1049 1105 literarum
1063 1049 1200 1124 vestigiis
1216 1068 1285 1107 con·

296 1130 421 1202 cilium,
441 1148 533 1206 aegre
553 1129 685 1188 invenio.
729 1129 878 1188 Nimirum
898 1131 1005 1188 Stoicae
1024 1139 1127 1191 sectae
1143 1131 1287 1208 magister

297 1214 456 1277 Cornutus
472 1213 530 1271 fnit
553 1231 651 1291 eaque
669 1211 829 1291 disciplina
846 1213 938 1272 etiam
957 1212 1096 1272 Persium
1112 1215 1156 1273 ita
1171 1215 1285 1287 imbuit,

296 1306 338 1359 ut
349 1316 452 1377 neque
469 1296 560 1373 hujus
579 1296 687 1355 satiras
704 1296 769 1354 sine
790 1296 872 1356 illius
887 1295 1100 1375 philosophiae
1117 1298 1225 1357 notitia
1240 1299 1284 1356 in·

296 1380 444 1457 tolligcre
463 1380 562 1458 possis
581 1398 682 1459 neque
706 1377 828 1438 Stoicae
847 1378 1005 1439 doctrinae
1026 1381 1221 1441 sinceriorem
1240 1382 1284 1441 iu·

297 1471 470 1544 ter-pretam
483 1463 576 1522 facile
590 1463 745 1538 inveniam
763 1463 852 1523 immo
867 1462 1012 1541 plurimas
1029 1465 1094 1541 ejus
1108 1464 1284 1544 disputatio-

297 1568 361 1609 nes
380 1546 504 1626 propius
525 1545 574 1615 ad.
588 1546 710 1606 scholae
726 1555 893 1625 praecepta
915 1566 1005 1626 quam
1028 1547 1068 1606 ad
1087 1549 1183 1628 ipsius
1203 1548 1286 1609 vitea

297 1650 393 1693 usum
413 1629 561 1689 accedere
581 1629 665 1689 baud
683 1630 831 1689 immerito
853 1629 983 1702 rimeris,
1005 1639 1100 1711 utque
1117 1651 1287 1691 sermonem

297 1713 405 1777 Persii
418 1712 582 1773 innumeris
602 1713 634 1770 in
654 1712 730 1772 locis
753 1712 793 1772 ad
806 1713 928 1773 Horatii
948 1713 1146 1775 imitationem
1167 1715 1284 1774 confor-

297 1805 504 1861 maranesca
524 1795 615 1855 docta
635 1795 810 1856 Oasauboui
832 1796 969 1856 sollertia
992 1798 1212 1876 comprobavit,
1242 1798 1285 1857 ita

299 1880 470 1943 muranum
480 1881 644 1960 plerasque
660 1879 769 1939 iisdem
780 1898 880 1958 paene
893 1878 996 1938 verbis
1017 1880 1099 1959 apud
1112 1882 1286 1960 Epictetum

298 1964 442 2043 aliosque
456 1972 595 2023 auctores
609 1961 727 2023 Stoicos
737 1962 837 2023 redire
853 1961 990 2040 ejusdcm
1004 1965 1209 2024 commentarii
1222 1984 1284 2022 ma-

299 2046 416 2110 nifesto
439 2055 578 2124 arguunt.
619 2045 712 2123 Quod
732 2067 794 2106 non
813 2047 846 2105 in
867 2046 1117 2107 obtrectationem
1134 2048 1186 2107 vel
1207 2049 1283 2106 invi-

301 2130 387 2193 diam
411 2130 518 2190 Persio
547 2129 736 2190 conflandam
760 2129 871 2189 dictum
901 2136 981 2201 esto,
1010 2136 1155 2210 tauquam
1183 2131 1285 2190 aliena

299 2215 401 2293 magis
425 2234 515 2295 quam
532 2214 579 2273 aui
595 2214 711 2290 ingenii
724 2214 836 2273 virtute
851 2212 1003 2292 poeticam
1019 2213 1142 2274 laudem
1157 2213 1284 2292 adeptus

301 2300 360 2374 sit3
377 2300 463 2376 cujus
485 2298 634 2375 ingenuus
649 2297 752 2357 fervor
771 2305 802 2356 et
815 2296 1009 2356 vehementia
1023 2300 1145 2358 summis
1162 2298 1283 2377 quibus-

302 2400 366 2465 qne
374 2381 498 2441 ausibus
505 2389 578 2461 apta
588 2381 647 2440 hac
659 2381 726 2459 ipsa
737 2401 771 2440 re
786 2387 924 2460 apparet,
941 2380 1120 2460 quodetiam
1136 2401 1215 2461 quae
1231 2400 1283 2441 ex·

300 2466 454 2527 &insecus
470 2471 645 2544 acceperat,
662 2465 706 2522 ita
721 2465 753 2525 in
770 2484 893 2524 succum
912 2471 943 2523 et
964 2465 1143 2540 sanguinem
1158 2485 1283 2525 conver-

299 2550 354 2623 tit,
370 2556 405 2608 ut
417 2549 478 2608 nisi
497 2548 621 2608 aliunde
635 2547 736 2607 edocti
753 2549 853 2607 omnia
870 2547 966 2626 ipsius
980 2547 1107 2606 inventa
1131 2549 1283 2608 existima·

300 2652 420 2709 remus3
434 2632 493 2692 hoc
507 2640 609 2692 temen
624 2629 709 2691 salvo
731 2632 797 2708 ejus
815 2630 931 2690 honore
947 2630 1131 2692 contendere
1151 2632 1225 2690 mihi
1238 2632 1283 2690 vi·

302 2715 392 2788 decr,
406 2724 530 2795 poetam
545 2716 631 2775 illum
647 2723 799 2788 enatura,
815 2715 970 2773 satiricum
991 2713 1029 2772 ab
1046 2723 1112 2775 arte
1132 2715 1233 2795 potius
1255 2724 1285 2773 et

301 2798 409 2861 schola
422 2799 536 2858 factum
550 2819 628 2859 ease.

389 2880 454 2942 Sed
471 2891 506 2941 ut
526 2901 566 2942 ex
581 2881 760 2941 diverticulo
782 2883 814 2940 in
835 2881 918 2941 viam
936 2879 1074 2955 redeam,
1092 2887 1194 2940 amicos
1208 2880 1282 2941 Per-

293 2966 368 3027 ·aius
378 2968 500 3025 bacam
510 2970 605 3039 emma
615 2969 796 3023 adolescentia
808 2968 932 3025 Caesium
939 2967 1060 3023 Bucam
1066 2974 1186 3038 poetam,
1195 2985 1284 3044 quem

301 3048 402 3110 solum
415 3047 622 3125 Quintilianus
639 3049 681 3106 X.
701 3048 729 3106 1.
745 3047 785 3108 96
804 3048 927 3125 dignum
942 3047 1095 3124 judicavit
1113 3049 1165 3128 qui
1184 3049 1282 3107 Hora·

300 3132 347 3193 tio
367 3132 566 3210 adjiceretur,
588 3140 615 3190 et
634 3135 811 3204 Calpurnium
836 3135 975 3190 Statorem
995 3132 1047 3191 vel
1069 3140 1103 3190 ut
1128 3131 1282 3191 (iasaubo-

301 3234 362 3277 nus
374 3215 485 3275 'maluit
499 3218 616 3287 Sarum,
634 3220 683 3290 qui
696 3219 753 3275 civo
768 3232 799 3273 eo
808 3220 922 3289 jucenr'a
936 3218 1059 3287 decessit,
1074 3214 1156 3274 idem
1171 3222 1282 3287 tamen,

301 3300 331 3360 ai
346 3297 488 3378 Sarpium
502 3298 640 3359 audimus
655 3297 781 3374 Quaest.
796 3298 902 3377 philol.
918 3319 948 3377 p.
967 3297 999 3355 ll
1015 3318 1092 3377 sqq,
1112 3299 1283 3375 eclogarum

302 3383 447 3462 scriptor,
477 3402 558 3464 quae
586 3403 667 3442 nunc
690 3380 849 3460 Calpurnii
874 3381 969 3441 siculi
995 3382 1116 3440 nomine
1136 3381 1282 3453 feruntur,

302 3486 478 3547 quanquam
488 3467 520 3526 id
534 3474 733 3526 commentum
744 3485 841 3544 nuper
847 3464 965 3525 idoneis
974 3465 1159 3541 argumentis
1166 3465 1281 3543 impug-

302 3558 408 3611 natum
424 3559 483 3626 est3
501 3555 582 3609 coluit
596 3557 696 3610 autom
705 3558 735 3607 at
744 3557 856 3621 patrem
870 3552 1013 3608 Servilium
1027 3552 1190 3617 Nonianum,
1199 3549 1280 3626 prin·

303 3632 404 3713 cipem
418 3635 557 3706 civitatis,
573 3641 607 3692 ut
621 3633 792 3711 appellatur
807 3651 826 3689 a
840 3632 940 3691 Plinio
954 3632 994 3690 N.
1006 3631 1280 3690 Histor.XXVlH.

307 3718 337 3789 5,
358 3738 445 3797 quem
466 3726 497 3777 et
517 3736 633 3776 morum
657 3716 814 3797 probitate
836 3724 868 3777 ct
894 3714 1022 3777 dicendi
1041 3714 1197 3773 lactucae
1209 3714 1298 3767 'inter
