3267 4409
685 465 810 516 snum
831 466 884 515 111.

291 611 375 672 Nunc
396 609 472 669 sacri
492 608 579 669 fontis
600 625 701 667 nemus
723 615 753 667 et
778 604 899 667 delubra
920 605 1052 667 locantur

291 695 425 768 ludaeis,
450 711 570 770 quorum
592 691 732 769 cophinus
753 690 928 767 foenumque
949 691 1099 769 supellex;

293 778 408 857 (Omnis
428 779 502 836 enirn
524 776 634 855 populo
654 775 821 835 mercedem
840 775 971 853 pendere
994 777 1072 835 iussa
1093 784 1139 836 est
1244 787 1277 839 15

291 862 406 936 Arbor,
429 871 458 920 et
477 861 580 920 eiectis
601 860 745 920 mendicat
761 860 835 920 silva
858 857 1036 938 ormena)
1078 905 1081 910 .

290 946 325 1007 ln
342 945 449 1005 vallem
470 943 597 1021 Egeriae
621 944 823 1003 descendimus
847 952 877 1002 et
897 943 1053 1021 speluncas

291 1029 456 1090 Dissimiles
477 1030 572 1088 veris:
596 1036 702 1105 quanto
723 1028 907 1106 praesentius
930 1036 1011 1087 esset

291 1115 405 1174 Numen
424 1130 535 1191 aquae,
557 1112 641 1171 viridi
660 1113 684 1170 si
705 1112 834 1188 margine
857 1110 1006 1171 clauderet
1026 1111 1117 1171 undas

292 1197 391 1257 Herba
412 1197 642 1273 neciugenuum
663 1195 808 1255 violarent
828 1194 1093 1271 marmoratoluml
1243 1206 1278 1258 20

291 1283 346 1343 llio
362 1289 429 1340 tunc
450 1279 629 1340 Umbricius:
661 1279 780 1353 Quando
803 1279 929 1353 artibus,
953 1280 1058 1356 inquit,
1078 1278 1209 1339 honestis

291 1364 395 1426 Nullus
417 1365 444 1422 in
466 1362 538 1424 urbe
561 1363 660 1439 locus,
684 1363 763 1423 nulla
782 1363 975 1424 emolumenta
998 1361 1139 1438 laborum,

291 1449 354 1509 Res
375 1447 464 1507 hodie
487 1446 579 1507 minor
601 1457 663 1523 est,
690 1445 762 1506 lrere
783 1465 868 1525 quam
889 1447 956 1521 fuit,
979 1455 1066 1527 atqua
1088 1446 1190 1508 eadem
1212 1464 1276 1507 cras

291 1533 416 1592 Deteret
436 1533 548 1608 exiguis
570 1531 692 1610 aliquid:
717 1533 905 1610 proponimus
926 1530 997 1592 illuc
1084 1570 1092 1585 .

283 1617 356 1693 ·lre,
376 1616 510 1692 fatigatas
533 1616 581 1675 ulti
602 1615 749 1676 Daedalus
771 1616 851 1675 exuit
873 1614 945 1677 alas.
1162 1658 1166 1663 -
1243 1627 1276 1678 25

291 1701 367 1760 Dum
388 1716 463 1759 nova
486 1701 624 1776 canities,
645 1701 711 1760 dum
730 1701 823 1778 prima
844 1708 873 1760 ct
890 1709 972 1761 recta
994 1707 1142 1774 senectus,

291 1785 367 1845 Dum
388 1793 522 1861 superest
546 1784 669 1845 lachesi
692 1784 770 1861 quod
791 1792 943 1862 torqueat,
968 1792 997 1843 et
1018 1782 1143 1862 pedibus
1163 1801 1209 1843 me

291 1869 380 1930 Porto
401 1869 487 1942 meis,
510 1868 589 1927 nullo
612 1868 741 1928 dextram
763 1867 904 1928 subeunte
925 1868 1044 1943 bacillo,

292 1950 436 2012 Cedamus
457 1953 564 2030 patria:
586 1952 682 2011 vivant
703 1951 837 2011 Artorius
857 1953 923 2012 istic
1299 2006 1303 2033 ,

291 2036 330 2096 Et
352 2033 486 2103 Catulum
509 2044 659 2110 maneant,
683 2036 731 2112 qui
752 2035 865 2112 nigrum
887 2036 915 2094 in
937 2034 1058 2096 candida
1079 2042 1204 2109 vertunt,
1242 2043 1277 2097 30

292 2120 385 2193 Queis
408 2119 495 2178 lacile
517 2127 562 2178 est
584 2119 687 2178 aedem
710 2119 894 2194 conducere,
916 2118 1046 2194 flumina,
1070 2127 1181 2197 portus,

292 2203 463 2263 Siccandam
484 2203 623 2279 eluviem,
644 2202 814 2280 portandum
833 2203 870 2262 ad
891 2202 1135 2279 bustaoadaver,

292 2287 330 2352 Et
350 2286 494 2366 praebere
518 2295 605 2365 caput
624 2285 738 2346 domina
758 2285 863 2347 venale
886 2286 939 2346 sub
960 2285 1067 2347 hasta.-

292 2370 443 2445 Quondam
466 2372 494 2431 hi
518 2371 682 2440 cornicines
704 2378 735 2430 et
754 2371 935 2450 municipalis
957 2388 1064 2432 arenae

291 2453 430 2533 Perpetui
453 2457 574 2514 comites
593 2463 739 2534 notaeque
761 2473 816 2533 per
837 2456 945 2533 oppida
965 2453 1077 2516 buccae

259 2573 263 2581 ·
290 2538 411 2599 llunera
433 2556 507 2598 nunc
529 2539 633 2615 edunt,
659 2548 689 2598 et
706 2555 794 2599 verso
819 2540 928 2618 pollice
950 2539 1056 2617 vulgus

291 2623 386 2696 Quem
400 2622 488 2682 iubet
510 2623 645 2683 occidunt
666 2624 859 2702 populariter:
882 2623 949 2685 inde
970 2623 1083 2684 reversi

292 2705 464 2766 Gonduount
485 2707 614 2780 loricas;
641 2718 671 2767 et
692 2726 743 2768 our
759 2726 817 2768 non
839 2704 955 2769 omnia?
978 2727 1064 2788 quum
1086 2707 1153 2785 sint,

293 2791 403 2865 Quales
425 2810 462 2851 ex
483 2790 581 2850 humili
604 2809 707 2868 magna
729 2791 765 2852 ad
785 2791 900 2868 fastigia
921 2809 1018 2852 rerum

291 2875 429 2951 Extollit,
453 2877 568 2953 quoties
588 2875 679 2935 voluit
689 2874 813 2936 Fortuna
832 2876 933 2935 iocari.

291 2958 368 3031 Quid
391 2958 501 3019 Romae
523 2955 648 3020 faciam?
671 2959 783 3018 mentiri
805 2960 924 3031 nescio;
946 2957 1061 3032 librum,

290 3042 323 3103 si
346 3043 437 3103 malus
459 3051 521 3119 est,
542 3059 659 3121 nequeo
680 3042 797 3103 laudare
819 3051 849 3102 et
870 3051 1015 3122 poscere;
1036 3048 1132 3101 motus

290 3127 444 3187 Astrorum
465 3129 584 3204 ignoro;
604 3128 688 3187 funus
710 3128 881 3206 promittere
903 3127 994 3206 patris

289 3210 355 3271 Nec
377 3212 446 3271 volo
467 3231 523 3271 nec
546 3229 680 3289 possum;
701 3228 833 3272 ranarum
854 3211 969 3271 viscora
990 3226 1142 3287 numquam

290 3295 427 3374 Inspexi3
449 3296 529 3356 ferre
551 3295 588 3356 ad
609 3304 744 3374 nuptam,
766 3313 841 3374 quae
862 3297 946 3356 mittit
967 3293 1092 3370 adulter,

291 3379 375 3452 Quae
395 3380 525 3456 mandat,
549 3388 653 3441 norunt
674 3380 738 3452 alii;
759 3398 806 3440 mo
828 3397 913 3440 nemo
933 3379 1063 3440 ministro

291 3462 349 3523 Fur
369 3465 440 3540 erit,
464 3473 550 3542 atque
571 3465 638 3524 ideo
659 3464 729 3524 nulli
751 3482 851 3525 comcs
872 3482 966 3539 exeo,
989 3472 1132 3539 tamquam

286 3546 413 3628 lllanous
433 3557 461 3607 et
484 3550 645 3609 exstinctae
669 3566 776 3628 corpus
800 3565 858 3609 non
881 3549 950 3609 utile
972 3547 1104 3608 dextrae.

293 3631 365 3705 Quis
387 3649 462 3692 nuno
484 3633 625 3710 diligitur,
644 3633 699 3693 nisi
720 3634 872 3709 conscius,
895 3641 926 3692 et
946 3632 992 3692 cui
1014 3631 1133 3692 fervens

291 3713 417 3776 Aestuat
437 3717 561 3778 occultis
576 3719 686 3778 anirnus
706 3735 881 3797 semperque
903 3713 1056 3780 tacendis?
