3267 4409
562 454 901 519 EPIGRAMMATON
914 456 987 520 LIB.
1003 459 1025 521 l.

768 660 817 720 cl.

349 777 407 838 llla
423 793 534 836 manus
550 771 704 852 quondam
717 771 890 834 studiorum
903 773 965 834 fida
979 792 1117 835 meorum

389 862 434 920 lut
449 858 530 919 teliu
545 856 671 917 dominu
685 863 820 935 uotaque
838 859 1038 935 Caesaribus,

313 944 504 1005 ·1)estituit
516 943 634 1028 primos
648 939 755 1000 viridis
774 941 950 1002 Demetrius
966 960 1076 1001 annos.

393 1030 514 1106 Quarta
528 1020 629 1086 tribus
642 1022 751 1084 lustris
766 1025 870 1086 addita
884 1027 992 1086 messis
1008 1031 1084 1087 erut.

330 1113 399 1176 5Ne
414 1119 522 1171 tamen
536 1109 574 1169 ad
589 1110 711 1188 Stygias
725 1109 857 1170 famulus
873 1108 1080 1170 descenderet
1093 1112 1233 1189 umbras,

391 1196 514 1257 Ureret
526 1187 710 1294 implicitum
724 1213 792 1253 cum
810 1194 961 1254 scelerata
974 1192 1059 1271 lues,

350 1276 496 1342 Cavimus
511 1285 544 1338 et
559 1277 698 1337 domiui*
689 1296 736 1337 uus
752 1296 841 1338 omne
857 1279 1029 1338 remisimus
1046 1297 1153 1357 aegro:

391 1364 531 1424 Munere
546 1361 656 1439 dignus
671 1367 739 1420 erat
752 1360 944 1422 convaluisse
959 1381 1037 1423 meo.

352 1449 460 1514 Sensit
475 1447 625 1506 deficiens
640 1464 693 1504 sua
706 1447 843 1523 praemia
859 1464 970 1525 meque
984 1452 1146 1526 patronum

311 1545 345 1596 10
389 1533 479 1593 Dixit
494 1530 532 1590 ad
546 1529 685 1589 infernas
698 1528 780 1590 liber
794 1531 895 1591 iturus
912 1550 1013 1610 aquas.

762 1664 824 1724 cll.

346 1783 417 1857 Qui
428 1779 530 1861 pinxit
542 1777 700 1850 Venerem
715 1780 815 1854 tuam,
837 1778 966 1856 Lycum,

352 1864 534 1942 Blanditns,
556 1866 651 1942 putu,
670 1859 773 1939 pictor
788 1870 837 1920 est
851 1862 1021 1923 Minervae.

759 1995 834 2054 0111
952 2056 959 2063 ,

355 2112 409 2190 „Si
424 2107 574 2169 dederint
588 2109 694 2189 superi
710 2107 836 2168 deciens
850 2109 925 2168 mibi
940 2106 1025 2167 milia
1041 2107 1184 2167 centum“

393 2194 529 2259 Dicebas
543 2190 695 2281 nondum,
717 2192 879 2271 Scaevola,
898 2193 997 2252 iustus
1014 2210 1126 2270 eques,

357 2276 522 2358 „Qualiter
538 2277 686 2352 uvivum,
708 2273 898 2355 quumlarge
915 2295 1066 2355 quamque
1081 2273 1211 2337 beute!“

394 2364 546 2423 Riserunt
560 2356 669 2420 faciles
684 2366 717 2420 et
730 2362 871 2420 tribuere
888 2359 948 2420 dei.
1219 2376 1222 2381 <

341 2444 524 2508 tsordidior
539 2442 636 2504 multo
651 2449 723 2524 post
735 2446 795 2503 hoc
811 2451 898 2523 toga,
921 2443 1052 2524 paenula
1065 2445 1172 2523 peior,

398 2528 532 2591 Calceus
547 2535 596 2588 est
610 2534 691 2587 sarta
705 2534 816 2607 terque
833 2534 1004 2672 quaterque
1020 2534 1107 2588 cute:

358 2615 464 2694 Deque
483 2611 592 2673 decem
605 2610 712 2692 plures
728 2631 852 2692 semper
866 2618 990 2672 servant
991 2631 1028 2670 ur
1044 2610 1160 2689 olivae,

386 2695 543 2778 Explicat
561 2701 593 2756 et
608 2715 699 2756 cenas
713 2698 803 2756 unica
821 2714 927 2755 mensa
941 2694 1032 2770 duas,

358 2783 398 2844 Et
411 2782 579 2845 Veientani
593 2781 710 2840 bibitur
725 2781 795 2839 faex
809 2800 913 2841 crassa
928 2777 1061 2851 rubelli

328 2876 355 2928 1⁰
397 2866 519 2927 Asse
491 2884 575 2925 creer
590 2863 729 2944 tepidum
744 2869 865 2937 constat
879 2868 913 2924 et
927 2881 994 2922 asse
1008 2863 1124 2926 Venus.

361 2949 393 3010 lu
406 2951 472 3028 ius,
494 2969 512 3009 u
527 2947 620 3008 fallax
635 2953 726 3026 atque
740 2932 907 3025 infitiator,
929 2963 1049 3006 eamus.

401 3036 462 3095 Aut
475 3035 542 3094 vive
554 3037 609 3101 aut
624 3031 777 3110 deciens,
787 3030 967 3112 Scaevola,
971 3030 1072 3092 redde
1086 3025 1163 3128 deis
1205 3088 1207 3092 a

758 3180 837 3242 clv.

307 3276 309 3309 r
368 3292 447 3354 Picto
463 3293 545 3374 quod
559 3294 629 3371 iuga
644 3291 776 3354 delicata
792 3290 874 3353 collo

369 3375 477 3438 Pardus
490 3378 624 3438 sustinet
636 3379 858 3458 inprobaeque
873 3375 971 3454 tigres

307 3458 522 3540 indulgent
535 3461 716 3542 patientiam
730 3460 872 3540 flagello,

373 3541 508 3606 Mordent
524 3563 616 3604 aurea
632 3543 715 3625 quod
728 3544 832 3624 lupata
847 3544 947 3618 cervi,

360 3627 454 3703 5de
468 3631 565 3691 irenis
580 3630 689 3707 Libyci
703 3628 866 3689 demantur
880 3627 945 3686 ursi

375 3710 422 3794 bt,
441 3721 584 3796 quantum
600 3711 741 3794 Calydon
756 3712 865 3774 tulisse
879 3711 997 3789 fertur,

1061 3789 1106 3856 3*
