3267 4409
339 458 400 523 144
661 455 1055 554 nvnuumnumnrs

789 731 792 736 ,
811 660 905 723 LXX.

421 778 631 856 Sexagesima,
654 776 830 856 Marciaue,
843 778 959 837 messis
1035 842 1037 857 ¹

421 865 499 924 Acta
513 867 562 922 est
575 867 624 940 et,
645 870 738 942 puto,
760 864 819 922 iam
835 860 970 922 secunda
985 861 1112 943 Cottae,

421 947 487 1007 Nee
502 964 536 1005 se
552 945 655 1005 taedia
668 944 776 1006 lectuli
792 945 921 1005 calentis
1004 984 1006 989 -
1083 967 1089 983 1

420 1032 588 1111 Expertum
604 1030 743 1090 meminit
757 1028 808 1089 die
824 1029 874 1090 vel
887 1049 958 1090 nno.

398 1113 567 1178 sostendit
581 1113 726 1192 digitum,
747 1112 804 1173 sed
817 1112 1021 1194 impudicum,

421 1197 547 1260 Alconti
563 1198 717 1275 Dasioque
729 1198 982 1277 symmachoque.

420 1285 464 1343 At
477 1283 575 1342 nostri
588 1285 670 1343 bene
685 1288 901 1362 computentur
917 1283 989 1342 anui

421 1368 464 1430 Et
479 1372 624 1446 quantum
639 1368 771 1427 tetricae
785 1366 887 1426 tulere
906 1367 1030 1443 febres,

420 1452 484 1512 Aut
496 1449 626 1529 languor
640 1451 756 1530 gravis,
778 1456 830 1511 aut
844 1450 915 1511 mali
931 1449 1072 1530 dolores,
1105 1464 1109 1468 ‘

380 1537 449 1598 loA
463 1536 525 1596 vita
539 1533 668 1595 meliore
683 1543 883 1616 separentur:

421 1621 557 1703 Infantes
573 1639 692 1698 sumus,
712 1626 745 1680 et
759 1638 850 1680 senes
866 1617 1014 1680 videmur.

420 1705 562 1765 Aetatem
577 1702 752 1782 Priamique
768 1705 971 1783 Nestorisque
1063 1714 1067 1729 ¹

420 1788 555 1865 Longam
573 1788 625 1865 qui
638 1793 726 1868 putat
741 1806 827 1866 esse,
846 1788 1022 1867 Marcione,

393 1875 396 1883 '
420 1871 553 1932 Multum
567 1870 784 1952 decipiturque
796 1869 987 1952 falliturque.

380 1957 486 2018 laNon
502 1962 550 2016 est
563 1957 683 2036 vivere,
706 1955 763 2017 red
777 1955 880 2017 valere
895 1958 957 2017 vita
971 1962 1028 2017 est.

804 2089 910 2151 LXXI.

420 2201 526 2265 Edere
540 2204 670 2266 lascivos
685 2204 723 2266 ad
737 2205 862 2266 Baetica
880 2212 1031 2265 crusmata
1043 2211 1148 2284 gestus

461 2288 503 2347 Et
521 2290 680 2350 Gaditanis
694 2290 804 2350 ludere
819 2289 910 2348 docta
922 2288 1036 2367 modis,

421 2370 568 2434 Tendere
584 2393 661 2453 quae
676 2374 841 2435 tremulum
855 2373 964 2433 Pelian
979 2375 1190 2452 Hecubaeque
1206 2373 1346 2434 marItum

460 2456 571 2517 Posset
586 2457 624 2518 ad
638 2459 814 2518 Hectoreos
830 2457 1000 2518 sollicitare
1015 2476 1125 2537 rogos,

376 2537 472 2598 bUrit
487 2547 520 2600 et
535 2544 691 2602 excruciat
707 2540 861 2602 dominum
879 2542 1049 2602 Telethusa
1063 2543 1216 2622 priorem:
1239 2559 1243 2574 ¹
1350 2568 1354 2574 ’
1377 2604 1382 2612 ,

463 2622 615 2687 Vendidit
629 2626 785 2705 ancillam,
806 2647 888 2688 nunc
903 2626 1030 2688 redimit
1048 2625 1208 2688 domInam.

794 2760 914 2823 LXXII.

417 2874 482 2933 Fur
496 2881 587 2935 notae
601 2877 726 2937 nimium
743 2863 919 2956 rapacitatis

419 2959 593 3040 Compilare
606 2961 686 3020 cilia
699 2959 823 3022 nolebat
836 2962 975 3037 hortum,
994 2969 1002 2972 “

420 3043 542 3122 Ingenti
557 3043 615 3105 sed
630 3054 713 3122 erat,
733 3043 879 3122 Fabulle,
900 3046 933 3103 in
949 3046 1040 3104 horto

419 3127 552 3188 Praeter
571 3149 774 3197 marmoreum
788 3129 866 3189 nibil
880 3129 1033 3208 Priapum.

397 3212 499 3272 5Dum
512 3233 574 3273 uon
588 3212 654 3274 volt
669 3234 762 3275 vacua
776 3234 866 3273 manu
881 3212 1003 3289 redire,

417 3297 526 3376 Ipsum,
532 3300 681 3379 surripuit
695 3299 777 3360 cilix
790 3299 942 3377 Priapum.

793 3431 927 3492 LXXIII.

416 3541 485 3602 Non
499 3542 585 3603 rudis
599 3543 724 3624 indocta
738 3545 815 3604 fecit
828 3563 877 3604 me
891 3544 971 3604 falce
987 3542 1130 3604 colonus:

459 3628 688 3706 Dispensatoris
702 3627 808 3688 uobiIe
826 3630 927 3688 cernis
944 3647 1029 3708 opus.

416 3709 492 3772 Nam
507 3713 672 3773 Caeretani
688 3712 790 3774 cultor
803 3714 980 3774 notissimus
995 3714 1062 3794 agri
