3267 4409
693 452 820 503 suumn
839 454 887 505 IV.
958 474 961 479 ·

295 589 368 651 Nam
389 590 457 652 mihi
481 600 622 654 commota
644 591 804 654 iamdudum
826 594 915 655 mulio
935 597 1019 673 virga
1116 578 1124 596 ⁰

294 673 417 735 Annuit:
444 693 517 753 ergo
539 676 605 737 vale
628 677 719 736 nostri
739 694 864 754 memor,
888 687 917 737 et
937 681 1052 758 quoties
1075 689 1106 741 to

294 757 387 819 Roma
410 767 460 818 tuo
482 761 564 820 redci
584 770 790 839 properantem
810 762 914 823 reddet
937 762 1065 842 Aquino,

294 840 342 900 lle
367 859 483 921 quoque
505 845 541 904 ad
558 844 709 904 Heluinam
725 842 865 906 cererem
885 855 1071 927 vestramque
1088 846 1208 910 Dianam
1229 860 1282 915 320

296 922 442 986 Converte
465 944 481 987 a
503 924 615 988 Gumis:
637 929 787 989 satirarum
810 946 884 1007 ego,
907 931 936 989 ni
958 931 1049 1009 pudet
1069 930 1149 1011 illas,
1229 1002 1232 1007 ἢ

294 1008 419 1069 Adiutor
440 1011 556 1088 gelidos
577 1012 691 1072 ueniam
712 1012 854 1091 caligatus
878 1014 907 1073 in
927 1031 1028 1091 agros.
1126 1036 1131 1041 ·

631 1362 864 1431 SATIRA
897 1364 958 1430 IV.
1004 1426 1007 1431 .

295 1462 381 1556 Ecce
404 1493 506 1555 itemm
532 1492 698 1573 Crispinus,
723 1505 752 1555 et
773 1504 818 1557 est
837 1494 904 1556 milri
926 1512 1017 1574 saepe
1038 1497 1187 1559 vocandus

295 1580 341 1640 Ad
363 1587 479 1656 partes,
505 1588 662 1640 monstrum
686 1581 764 1640 nulla
787 1580 893 1640 virtute
913 1579 1096 1660 redemptum

297 1664 323 1723 A
346 1664 439 1737 vitiis,
462 1680 569 1740 aegrae
591 1662 714 1742 solaque
737 1663 855 1725 libidine
877 1663 971 1733 ifles

295 1746 442 1807 Deliciae:
465 1747 565 1807 viduas
588 1755 695 1809 tantum
716 1756 870 1827 spernatur
892 1746 1017 1809 adulter.

296 1830 372 1904 Quid
394 1830 485 1890 refert
506 1832 609 1908 igitur,
633 1832 745 1909 quantis
767 1833 891 1892 iumenta
912 1830 1018 1909 fatiget
1265 1846 1281 1897 5
1370 1829 1374 1837 ’

295 1913 475 1990 Porticibus‚
500 1923 603 1992 quanta
624 1931 772 1975 nemorum
791 1923 924 1975 vectetur
945 1915 974 1973 in
996 1912 1106 1991 umbra,

296 1998 402 2075 Iugera
424 2008 493 2076 quot
512 2000 606 2060 vicina
627 1999 708 2074 foro,
732 2016 803 2077 quas
826 1998 927 2059 emerit
950 1994 1060 2057 aedes?

296 2076 388 2142 Nemo
410 2081 502 2141 malus
528 2082 613 2157 felix,
636 2082 751 2141 minime
772 2089 926 2159 corruptor
948 2080 978 2139 et'
998 2081 1076 2141 idem

296 2165 445 2243 Incestus,
468 2183 532 2225 cum
554 2181 611 2244 quo
636 2183 729 2243 nuper
752 2166 853 2226 vittata
877 2162 992 2224 iacebat

297 2251 444 2327 Sanguine
467 2249 560 2310 adhuc
581 2250 648 2310 vivo
672 2258 776 2309 terram
799 2247 927 2309 subitura
948 2246 1099 2309 sacerdos.

298 2335 357 2394 Sed
382 2351 457 2392 nnnc
477 2332 514 2393 de
534 2333 619 2393 lactis
641 2332 816 2393 levioribus:
844 2340 873 2392 et
895 2340 990 2392 tamen
1012 2331 1087 2393 alter

297 2419 329 2478 Si
351 2417 472 2477 iecisset
493 2417 585 2494 idem,
608 2416 726 2479 caderet
747 2416 801 2476 sub
822 2416 917 2477 iudice
939 2432 1065 2484 morum:

297 2501 369 2562 Nam
392 2501 469 2579 quod
490 2510 574 2580 turpe
595 2500 696 2577 bonis,
719 2500 793 2561 Titio
817 2500 964 2579 Seioqne,
988 2497 1113 2561 decebat

299 2585 477 2664 Crispinum:
500 2585 567 2664 quid
589 2603 676 2663 agas,
699 2595 785 2664 quum
806 2584 868 2645 dira
889 2593 920 2645 et
940 2583 1057 2645 foedior
1079 2583 1155 2643 omni

280 2668 424 2730 Alrimine
447 2686 572 2746 persona
595 2665 660 2730 est‘l
702 2667 822 2729 llullum
847 2686 901 2729 sex
933 2667 1047 2728 milibus
1069 2669 1147 2743 emit,

298 2754 479 2831 Aequantem
502 2770 571 2813 sane
593 2752 710 2830 paribus
732 2751 981 2826 sententialibus,

299 2837 338 2898 Ut
359 2836 527 2915 perhibent,
551 2837 600 2915 qui
624 2837 660 2898 de
682 2836 793 2913 magnis
814 2836 923 2902 maiora
947 2834 1112 2914 loquuntur.

301 2918 459 2981 Consilium
481 2920 567 2981 lando
591 2919 725 2995 artificis,
747 2920 772 2979 si
793 2935 912 2978 munere
933 2926 1013 2979 tanto

298 3004 487 3083 Praecipuum
506 3006 534 3065 in
555 3003 660 3065 tabulis
686 3020 782 3063 ceram
806 3002 885 3061 senis
910 3000 1029 3061 abstulit
1049 2999 1130 3068 orbi:
1172 3064 1175 3069 ,
1254 3028 1257 3033 -

299 3088 353 3148 Est
374 3090 448 3148 ratio
471 3087 608 3163 ulterior,
633 3104 755 3163 magnae
774 3085 800 3145 si
823 3086 899 3145 misit
920 3085 1041 3161 amicae,

299 3172 383 3246 Quae
404 3171 519 3232 uehitur
543 3172 642 3232 clauso
665 3170 732 3231 latis
753 3162 955 3248 specularibu’s
979 3177 1071 3229 antro.

298 3255 346 3316 Nil
369 3255 428 3316 tale
450 3265 624 3335 exspectes:
647 3255 715 3315 emit
738 3253 803 3313 sihi.
847 3251 936 3315 llulta
955 3253 1097 3327 uidemus,

299 3340 383 3413 Quae
404 3342 492 3401 miser
515 3349 544 3401 et
565 3341 641 3418 frugi
666 3356 724 3398 non
744 3336 815 3399 lecit
838 3335 973 3416 Apicius!
1017 3334 1143 3409 Hoetu,

301 3425 474 3484 Succinctus
494 3426 587 3503 patria
610 3423 769 3503 quondam,
795 3418 1094 3500 Crispine‚.papyro‚

298 3508 364 3568 Hoc
384 3510 480 3587 pretio
501 3504 670 3587 squamam?
702 3507 797 3567 Potuit
818 3505 945 3565 fortasse
966 3503 1084 3563 minoris
1201 3560 1204 3565 .

300 3592 434 3653 Piscator
457 3610 542 3670 quam
563 3594 653 3671 piscis
675 3592 747 3661 emi:
768 3590 918 3669 provincia
939 3589 1010 3650 tanti

298 3676 408 3738 Vendit
430 3693 536 3755 agros,
558 3679 611 3740 sed
633 3677 759 3739 maiores
782 3673 909 3754 Appulia
930 3673 1037 3733 vendit.

1094 3750 1136 3814 ⁸2*
