3267 4409
324 453 387 518 336
602 474 604 481 ·
653 451 698 516 Μ.
714 449 806 514 VAL.
822 448 1047 521 MARTLILIS

692 654 824 718 cxnrv.
846 653 996 735 Spongia.

409 755 495 815 Haec
509 755 569 816 tibi
583 760 668 816 sorte
684 753 774 815 datur
787 752 949 832 tergendis
966 753 1094 833 spongia
1108 753 1224 813 mensis

450 838 560 920 Utilis,
582 858 729 921 expresso
745 860 811 899 cum
826 839 903 899 levis
917 838 1016 897 imbre
1030 843 1138 901 tumet.

602 974 720 1038 CXLV·
742 973 885 1034 Paenula
898 944 1086 1053 gausapina.

408 1076 527 1137 Ismihi
542 1075 657 1136 candor
671 1077 770 1152 inest,
791 1074 933 1135 villorum
948 1076 1046 1152 gratia
1058 1079 1161 1152 tanta,

424 1223 426 1227 ,
450 1161 494 1222 Ut
507 1180 556 1222 me
572 1159 624 1222 vel
637 1160 739 1221 media
753 1177 874 1219 sumere
888 1177 989 1219 messe
1002 1158 1088 1219 velis.

695 1293 824 1357 CXLVI.
850 1293 997 1355 Cervical.

411 1389 512 1468 Tinge
528 1396 618 1470 capnt
634 1391 737 1452 Cosmi
751 1387 847 1468 folio,
868 1386 1002 1449 cervical
1017 1384 1130 1448 olebit:

449 1473 592 1535 Perdidit
607 1482 794 1554 unguentum
810 1494 878 1535 cnm
892 1493 995 1551 coma,
1016 1471 1120 1552 pluma
1134 1474 1233 1531 tenet

556 1608 700 1672 CXLVII.
728 1609 925 1670 Cubicularia
938 1608 1124 1690 gausapina.

409 1707 550 1786 Stragula
563 1711 728 1788 purpureis
742 1707 850 1769 lucent
862 1707 970 1769 villosa
983 1707 1109 1788 tapetis.

452 1792 534 1870 Quid
547 1792 692 1874 prodest,
712 1793 740 1853 si
754 1799 786 1853 te
802 1793 945 1873 congelat
958 1811 1034 1852 uxor
1049 1790 1147 1851 anus?

684 1926 845 1990 CXLVIII.
864 1926 1004 1989 lodices.

406 2024 496 2086 Nudo
510 2024 645 2106 stragula
662 2045 702 2086 ne
717 2032 787 2087 toro
802 2031 963 2106 paterent,

405 2110 529 2172 Iunctae
543 2132 599 2172 nos
613 2113 670 2173 tibi
684 2113 821 2171 venimus
837 2129 971 2174 sorores.

657 2245 789 2307 cxnlx.
814 2246 1027 2306 Amictorium.

406 2345 590 2406 Mammosas
606 2353 727 2422 metn03
748 2352 877 2406 tenerae
893 2344 1045 2406 metriae
1058 2344 1200 2425 puellae,

448 2430 492 2493 Ut
507 2433 628 2510 possint
643 2433 733 2491 niveo
748 2438 877 2510 pectore
891 2429 956 2490 lina
972 2430 1044 2490 frui.

611 2565 671 2625 cL.
698 2564 896 2626 Oabicularia
907 2565 1070 2646 polymita.

404 2663 490 2723 Haec
505 2665 562 2725 tibi
579 2644 761 2746 Memphitis
776 2665 869 2726 tellus
884 2665 936 2726 dat
950 2683 1093 2725 munera:
1114 2665 1197 2726 victu
1209 2668 1256 2726 est

446 2747 575 2809 Pectine
590 2750 708 2811 Niliaco
723 2751 782 2811 ium
797 2749 972 2829 Babylonos
987 2768 1069 2813 ecus.
1195 2786 1200 2793 -

745 2885 819 2947 CLI.
844 2885 941 2946 Zona.

404 2984 510 3062 Longa
523 2985 597 3044 satis
612 3005 693 3047 nnnc
708 3007 791 3058 snm3
813 2984 898 3047 dulci
911 2983 967 3047 sed
981 2984 1122 3065 pondere
1136 2991 1245 3047 venter
1265 2958 1268 2963 Ι

444 3069 478 3128 Si
492 3074 624 3148 tumeat,
645 3071 715 3131 fiam
729 3078 802 3131 tunc
819 3073 876 3131 tibi
890 3090 967 3131 aona
980 3072 1093 3131 brevis.

588 3204 675 3265 GLII.
700 3206 881 3287 Gausapum
897 3205 1095 3288 quadratum.

343 3316 349 3323 “
403 3304 534 3365 Lodices
548 3308 652 3366 mittet
667 3306 749 3367 docti
765 3309 823 3368 tibi
837 3315 922 3368 terra
937 3306 1067 3368 Catulli:

443 3391 506 3449 Nos
523 3389 705 3451 Helicaonia
720 3390 760 3451 de
775 3393 903 3469 regione
918 3411 1029 3451 snmus.

655 3524 756 3587 CLIII.
782 3525 1022 3588 Semicinctium.

403 3621 464 3683 Det
479 3626 611 3685 tunicam
624 3623 778 3706 locuples:
802 3645 859 3706 ego
875 3633 907 3686 te
922 3627 1126 3706 praecingere
1140 3642 1267 3707 possum·

445 3708 554 3770 Essem
570 3712 596 3770 si
609 3708 769 3792 locuples,
791 3731 900 3772 munus
915 3718 1080 3790 utrumque
1100 3709 1213 3771 darem.
