3267 4409
544 454 884 517 EPIGRAMMATON
897 455 971 517 LIII.
986 455 1037 518 IX.
1247 453 1309 520 215

397 608 466 670 Stat
477 605 619 689 platanus
635 606 739 669 densis
755 609 938 670 Caesariana
953 610 1065 687 comis,

352 694 493 774 Hospitis
507 693 614 752 invicti
628 696 731 771 posuit
747 713 836 772 quam
852 692 979 753 dextera
992 693 1085 771 felix,

396 778 509 858 Coepit
524 782 557 836 et
572 794 611 836 ex
625 775 680 836 illa
694 795 838 837 crescere
856 778 941 856 virga
955 796 1055 840 manu.

355 865 522 936 Auctorem
537 858 754 940 dominumque
769 881 855 920 suum
871 863 989 922 sentire
1002 860 1143 937 videtur:

313 958 348 1010 10
394 947 446 1008 Sic
459 947 541 1007 viret
554 950 589 1005 et
601 947 694 1004 ramis
709 946 812 1005 sidera
829 944 913 1006 celsa
926 947 1015 1026 petit.
1044 954 1050 966 ”
1147 960 1149 965 ·

355 1031 454 1112 Saepe
467 1031 522 1091 sub
537 1029 595 1088 hae
609 1029 724 1089 madidi
741 1028 884 1090 luserunt
898 1033 1010 1091 arbore
1023 1030 1122 1090 Fauni

395 1115 525 1176 'lemnii
540 1120 573 1172 et
587 1114 709 1174 tacitam
723 1113 828 1174 fistula
843 1133 913 1174 sera
928 1113 1065 1189 domum3

353 1201 503 1279 Dumque
505 1197 586 1275 fugit
600 1196 683 1257 solos
697 1205 881 1259 nocturnum
894 1199 977 1259 Pana
990 1218 1049 1279 por
1065 1216 1171 1277 agros,

395 1285 495 1364 Saepe
511 1276 566 1341 suh
580 1281 637 1340 hac
651 1279 742 1341 latuit
756 1284 871 1342 rustica
885 1283 997 1343 froude
1012 1283 1166 1380 Dryas

313 1379 345 1431 15
353 1368 414 1447 Aa
415 1386 455 1428 ue
470 1366 577 1426 oluere
590 1363 674 1424 lares
693 1366 893 1427 comissatore
906 1367 1027 1446 Lyaeo,

397 1452 504 1513 Crevit
517 1456 551 1509 et
565 1451 663 1509 effuso
677 1448 790 1510 laetior
804 1453 912 1511 umbra
925 1470 1028 1526 rnero;
1081 1489 1083 1497 ·

352 1535 579 1612 Hesternisque
593 1535 708 1594 rubens
724 1532 846 1594 deiecta
861 1541 909 1595 est
923 1536 1021 1607 herba
1035 1537 1176 1613 coronis,
1243 1588 1246 1593 ,
1341 1523 1346 1541 '

395 1619 498 1699 Atque
513 1636 581 1678 suas
595 1619 696 1697 potuit
711 1616 817 1678 dicere
833 1637 922 1679 nemo
937 1640 1033 1683 rosas.

352 1705 379 1765 0
397 1703 511 1764 dilecta
525 1701 608 1777 deis,
629 1721 647 1760 o
662 1704 762 1781 magni
776 1705 922 1764 Caesaris
932 1706 1056 1782 arbor,

313 1799 346 1852 20
393 1789 440 1848 Ne
454 1793 572 1847 metuas
585 1786 704 1845 ferrum
720 1786 949 1867 sacrilegosque
962 1789 1059 1848 focos.

351 1873 525 1952 Perpetuos
540 1887 667 1949 sperare
682 1867 759 1932 licet
773 1873 832 1931 tibi
845 1870 967 1931 frondis
982 1872 1134 1936 honores:

393 1958 462 2017 Non
475 1954 679 2035 Pompeianae
694 1960 727 2014 te
740 1973 875 2035 posuere
888 1975 1003 2017 manus.

609 2076 624 2109 Χ

749 2123 841 2186 LXII.

325 2236 330 2245 ’
352 2237 473 2299 Tinctis
487 2238 604 2298 murice
618 2238 756 2298 vestibus
772 2233 855 2315 quod
871 2236 954 2296 omni

350 2322 393 2382 Et
404 2327 497 2382 nocte
514 2323 612 2382 utitur
626 2330 659 2383 et
674 2321 725 2381 die
739 2319 916 2398 Philaenis,

351 2407 420 2466 Non
435 2413 483 2478 est
499 2408 658 2466 ambitiosa
671 2424 730 2466 nee
746 2406 895 2484 superba:

351 2489 531 2551 Delectatur
546 2488 659 2569 odore,
680 2509 743 2549 nou
754 2487 869 2549 colore.

735 2655 840 2717 LXIII.

351 2768 400 2830 Ad
416 2787 523 2830 cenam
536 2770 667 2832 invitant
681 2790 787 2831 omnes
801 2778 849 2850 te,
871 2745 1014 2850 Phoebe,
1036 2767 1166 2832 elnaedi.

392 2853 535 2915 Mentula
550 2874 640 2935 quem
656 2857 771 2935 pascit,
790 2875 869 2935 non,
890 2863 985 2936 puto,
1005 2875 1101 2937 purus
1114 2855 1205 2914 homo
1221 2858 1278 2938 est.

736 3016 844 3080 LXIV.

351 3126 497 3188 Herculis
511 3129 543 3188 in
557 3131 657 3208 magni
674 3127 775 3189 voltus
791 3125 982 3189 descendere
997 3128 1112 3189 caesar
1227 3193 1230 3198 y

392 3213 542 3290 DIgnatus
556 3213 663 3274 Latiae
680 3211 733 3273 dat
745 3232 823 3272 nova
836 3211 953 3292 templa
967 3212 1049 3288 viae,
1131 3250 1134 3257 ·

352 3297 418 3375 Qua
434 3296 559 3357 Triviae
572 3316 736 3357 nemorosa
748 3298 830 3377 petit
844 3294 915 3357 dum
930 3315 1026 3375 regna
1039 3296 1153 3372 viator,

359 3414 362 3419 ,
393 3381 541 3441 Octavum
558 3380 679 3441 domiuo
694 3401 827 3441 marmor
842 3382 878 3440 ab
893 3382 971 3441 urbe
985 3378 1072 3460 legit.

331 3466 435 3526 5Ante
450 3462 611 3525 colebatur
624 3467 703 3525 votis
719 3472 752 3525 et
767 3466 914 3543 sanguiue
928 3463 1031 3543 largo,

392 3549 545 3628 Maiorem
559 3549 691 3609 Alciden
705 3569 786 3608 nuno
799 3550 901 3608 minor
914 3550 982 3629 ipse
997 3547 1080 3610 colit.

351 3633 442 3693 Hunc
456 3652 579 3711 magnas
593 3640 682 3710 rogat
697 3632 777 3693 ulter
793 3652 885 3712 opes,
906 3639 996 3713 rogat
1009 3630 1090 3697 alter
1104 3630 1258 3703 honores3

379 3715 443 3779 -Illi
456 3735 582 3778 securus
596 3723 667 3778 vota
680 3717 798 3778 minora
812 3717 898 3779 iacit.
