3267 4409
327 529 368 590 50
658 537 693 584 o.
711 536 783 584 mx.
802 536 989 585 rcumffls

327 682 453 743 Fidimus
473 672 615 756 eloquio?
639 673 775 736 Ciceroni
797 692 883 735 nemo
905 675 1048 736 ducentos
1069 676 1073 681 '

257 766 270 793 ⁸
327 766 410 827 b'uuc
431 763 543 823 dederit
564 777 710 835 nummos,
733 762 788 819 nisi
809 758 924 819 fulserit
945 760 1067 821 annulus
1088 762 1209 837 iugens.
1273 772 1324 827 140

328 849 460 927 Respicit
481 847 554 906 baec
576 845 712 923 primum,
736 846 784 923 qui
804 844 915 920 litigat,
935 862 972 905 un
992 844 1044 905 tibi
1067 847 1149 905 servi

329 933 421 1008 Octo,
443 932 546 991 decem
568 930 706 1003 comites,
729 946 765 987 an
784 937 853 1006 post
872 937 902 987 te
922 928 1013 1003 sella,
1034 930 1131 1007 togati

327 1017 403 1077 Ante
426 1015 527 1094 pedes.
572 1013 642 1072 ldeo
665 1012 806 1071 conducta
828 1011 934 1072 Paulus
955 1011 1064 1089 agebat

328 1099 533 1174 sardonyche,
555 1106 642 1175 atque
664 1096 731 1155 ideo
754 1096 846 1173 pluris
868 1114 953 1173 quam
977 1096 1078 1157 Gallus
1099 1097 1226 1175 agebat,

329 1185 420 1258 Quam
442 1183 565 1242 Basilus.
609 1179 685 1239 Rara
708 1182 735 1238 in
756 1180 835 1238 tenui
856 1178 990 1241 facundia
1010 1198 1118 1259 panno.
1273 1192 1323 1247 145

329 1268 449 1341 Quando
472 1267 540 1325 licet
562 1264 658 1323 Basilo
681 1264 797 1323 ilentem
817 1263 980 1341 producere
1001 1258 1145 1325 matrem?

329 1352 400 1425 Quis
421 1351 494 1410 bene
518 1351 662 1410 dicentem
683 1347 808 1407 Basilum
830 1344 926 1407 ierat?
948 1349 1073 1427 accipiat
1091 1358 1122 1409 te
1367 1336 1371 1510 Ι

330 1435 420 1495 Gallia
444 1434 491 1493 rcl
513 1435 608 1512 potius
632 1432 772 1492 nutricula
796 1431 1007 1491 causidicorum

329 1518 444 1593 Africa,
468 1520 492 1575 si
511 1517 619 1595 placnit
641 1515 807 1575 mercedem
830 1532 942 1592 ponere
963 1516 1090 1592 linguae.
1365 1574 1371 1597 -.

371 1602 543 1661 Declamare
564 1597 835 1659 docesloierrea
856 1607 979 1677 pectora
999 1600 1089 1676 Vetti,
1274 1614 1323 1669 150
1368 1650 1372 1685 ,

330 1688 422 1759 Quum
445 1686 559 1762 perimit
581 1702 687 1743 saevos
708 1683 812 1743 classis
834 1700 989 1743 numerosa
1008 1685 1164 1759 tirannos!
1364 1742 1369 1757 ,

329 1768 400 1829 Nam
422 1786 620 1846 quaecumque
637 1768 743 1827 sedens
759 1767 845 1827 modo
862 1766 991 1844 legerat,
1013 1768 1089 1829 baec
1110 1770 1220 1831 eadem
1244 1781 1320 1833 stans
1372 1838 1375 1843 ,

328 1853 462 1915 Perieret
483 1861 569 1929 atque
586 1850 686 1911 eadem
704 1849 831 1911 cantabit
852 1850 987 1910 versibus
1009 1852 1117 1921 isdem;

330 1936 443 1997 Occidit
465 1937 587 1995 miserus
609 1935 724 1994 crambe
743 1936 872 2012 'repetita
890 1936 1055 2012 magistros.

330 2021 401 2094 Quis
425 2021 508 2081 color
530 2029 559 2079 et
581 2019 657 2097 quod
678 2021 715 2078 sit
731 2036 838 2078 causae
853 2037 946 2096 genus
961 2028 1048 2100 atque
1064 2020 1113 2080 ubi
1129 2040 1245 2085 summa
1273 2036 1320 2089 155

330 2104 485 2179 Quaestio,
509 2122 582 2182 quae
602 2104 717 2164 veniant
740 2102 874 2162 diversae
897 2102 973 2162 lorte
993 2106 1131 2182 sagittae,

329 2180 424 2248 Nosse
447 2189 536 2247 velint
554 2205 671 2262 omncs,
694 2187 859 2246 mercedem
879 2186 998 2247 solvere
1018 2206 1115 2249 ncrno.
1134 2224 1179 2235 -

329 2271 494 2332 blercedem
517 2269 671 2349 appellas?
695 2271 762 2350 qnid
785 2274 859 2331 enim
881 2268 1022 2331 sciol-
1040 2268 1136 2353 Culpa
1159 2274 1299 2337 docentis
1374 2326 1378 2351 ,

330 2356 449 2415 Scilicet
469 2358 612 2432 arguitur,
634 2356 711 2435 quod
734 2356 816 2415 laeva
841 2363 924 2432 parte
945 2355 1091 2417 mamillae
1374 2358 1377 2423 i

330 2439 375 2499 Nil
399 2440 465 2499 salit
486 2441 630 2500 Arcadico
653 2441 763 2513 iuveni,
785 2441 864 2500 cuius
886 2439 953 2500 mibi
975 2449 1059 2499 senta
1273 2449 1319 2503 1⁶0
1373 2426 1399 2505 Ξ·

330 2523 452 2601 Quaque
474 2524 520 2584 die
543 2525 678 2584 miserum
695 2525 772 2584 dirus
792 2532 880 2601 caput
898 2522 1038 2585 llannlbal
1061 2522 1180 2601 implet;
1374 2526 1377 2533 '

330 2607 474 2684 Quidquid
496 2607 604 2682 idest,
629 2609 665 2667 de
688 2625 744 2685 qrro
767 2607 929 2682 deliberat,
953 2626 990 2668 au
1010 2615 1091 2686 petat
1111 2606 1219 2667 urbem

330 2691 356 2749 Α
378 2687 500 2766 Gannis,
523 2709 559 2749 an
580 2701 646 2768 post
668 2691 780 2750 nimbos
802 2700 831 2751 et
850 2691 967 2753 lulmina
989 2699 1091 2751 cautus

331 2772 513 2851 Circumagat
532 2775 659 2835 madidas
681 2794 697 2835 a
719 2785 893 2853 tempestate
912 2777 1060 2836 cobortes.

331 2858 471 2931 Quantum
493 2853 535 2916 vis'
558 2859 712 2937 stipulare,
737 2868 766 2918 et
787 2861 917 2937 protinus
940 2861 1063 2938 accipe,
1086 2860 1171 2937 quod
1190 2860 1242 2939 do,
1274 2870 1322 2925 lbi

330 2942 367 3002 Ut
389 2945 475 3002 toties
494 2942 571 3002 illum
593 2953 677 3021 pater
699 2941 931 3004 audiat-haec
952 2943 1001 3003 alii
1021 2962 1076 3003 sex

329 3026 386 3087 Vel
408 3028 507 3105 plnres
531 3045 586 3087 nno
607 3028 786 3088 conclamant
807 3045 860 3087 ore
881 3027 1031 3106 sopbistae

330 3108 368 3170 Et
387 3129 473 3171 veras
494 3113 602 3188 agitant
625 3111 706 3187 lites,
730 3120 849 3190 raptore
875 3113 996 3184 relicto;

331 3194 405 3254 Fusa
428 3214 538 3255 venena
560 3196 664 3271 silent,
686 3196 777 3255 malus
798 3197 986 3274 ingratusque
1005 3196 1135 3272 maritus,

330 3277 367 3336 Et
386 3297 459 3355 qrrae
482 3282 536 3339 iam
558 3289 677 3340 veteres
696 3289 796 3339 sanant
817 3283 953 3340 mortaria
974 3295 1092 3341 caecos.
1276 3292 1324 3347 nc

331 3361 410 3438 Ergo
429 3364 482 3423 sibi
505 3364 583 3424 dabit
604 3365 666 3442 ipse
687 3364 802 3439 rudem,
826 3366 849 3422 si
872 3373 970 3424 nostru
988 3363 1148 3427 movebunt

333 3444 477 3522 Consilia,
499 3459 527 3506 et
548 3451 624 3508 vitae
647 3449 790 3508 diversum
810 3450 865 3507 iter
889 3449 1078 3524 ingredietur,
1381 3474 1387 3563 p

331 3527 377 3589 Ad
400 3548 521 3607 pugnum
545 3534 592 3611 qui
611 3532 756 3592 rbetcrica
778 3533 929 3592 descendit
950 3533 987 3592 ab
1009 3531 1121 3610 umbra,

332 3614 477 3674 Summrrla
498 3635 534 3676 ne
556 3625 674 3692 pereat,
698 3635 753 3694 qna
775 3616 841 3675 vilis
863 3625 977 3676 tessera
998 3617 1079 3677 uenit

332 3693 492 3764 Frumenti;
513 3702 620 3779 qnippe
642 3700 716 3759 baec
738 3718 853 3759 merces
875 3699 1044 3759 lautissima.
1090 3700 1230 3783 Tempta,
1275 3712 1324 3768 lli

334 3776 542 3858 Chrysogonus
565 3786 661 3862 quanti
684 3785 789 3845 doceat
809 3784 859 3845 vel
876 3784 970 3845 Pollio
993 3786 1091 3862 quanti
