<?xml version="1.0" encoding="UTF-8"?>
<!DOCTYPE html PUBLIC "-//W3C//DTD XHTML 1.0 Transitional//EN"
    "http://www.w3.org/TR/xhtml1/DTD/xhtml1-transitional.dtd">
<html xmlns="http://www.w3.org/1999/xhtml" xml:lang="en" lang="en">
 <head>
  <title>
</title>
<meta http-equiv="Content-Type" content="text/html;charset=utf-8" />
  <meta name='ocr-system' content='tesseract 3.04.00' />
  <meta name='ocr-capabilities' content='ocr_page ocr_carea ocr_par ocr_line ocrx_word'/>
</head>
<body>
  <div class='ocr_page' id='page_1' title='image "./mvalmartialisep00martgoog_0281.png"; bbox 0 0 3267 4409; ppageno 0'>
   <div class='ocr_carea' id='block_1_1' title="bbox 306 457 1045 538">
    <p class='ocr_par' dir='ltr' id='par_1_1' title="bbox 306 457 1045 538">
     <span class='ocr_line' id='line_1_1' title="bbox 306 457 1045 538; baseline -0.009 1"><span class='ocrx_word' id='word_1_1' title='bbox 306 472 389 538; x_wconf 73' lang='lat'><strong>=248</strong></span> <span class='ocrx_word' id='word_1_2' title='bbox 586 480 588 485; x_wconf 86' lang='lat'>&#39;</span> <span class='ocrx_word' id='word_1_3' title='bbox 647 470 693 534; x_wconf 89' lang='grc' dir='ltr'><strong>Μ.</strong></span> <span class='ocrx_word' id='word_1_4' title='bbox 707 469 801 535; x_wconf 83' lang='lat' dir='ltr'><strong>VAL.</strong></span> <span class='ocrx_word' id='word_1_5' title='bbox 816 457 1045 532; x_wconf 79' lang='lat' dir='ltr'><strong>MARTIALIS</strong></span> 
     </span>
    </p>
   </div>
   <div class='ocr_carea' id='block_1_2' title="bbox 369 623 1128 1803">
    <p class='ocr_par' dir='ltr' id='par_1_2' title="bbox 369 623 1128 1803">
     <span class='ocr_line' id='line_1_2' title="bbox 410 623 1017 703; baseline -0.005 -15"><span class='ocrx_word' id='word_1_6' title='bbox 410 628 452 688; x_wconf 81' lang='lat' dir='ltr'><strong>Et</strong></span> <span class='ocrx_word' id='word_1_7' title='bbox 465 645 568 687; x_wconf 87' lang='lat' dir='ltr'><strong>secum</strong></span> <span class='ocrx_word' id='word_1_8' title='bbox 582 626 724 686; x_wconf 86' lang='lat' dir='ltr'><strong>comitem</strong></span> <span class='ocrx_word' id='word_1_9' title='bbox 740 625 845 684; x_wconf 89' lang='lat' dir='ltr'><strong>trahet</strong></span> <span class='ocrx_word' id='word_1_10' title='bbox 858 623 1017 703; x_wconf 89' lang='lat' dir='ltr'><strong>pudorem.</strong></span> 
     </span>
     <span class='ocr_line' id='line_1_3' title="bbox 411 707 979 791; baseline 0.002 -20"><span class='ocrx_word' id='word_1_11' title='bbox 411 712 541 791; x_wconf 83' lang='lat' dir='ltr'><strong>Semper</strong></span> <span class='ocrx_word' id='word_1_12' title='bbox 555 711 721 789; x_wconf 79' lang='lat' dir='ltr'><strong>pauperior</strong></span> <span class='ocrx_word' id='word_1_13' title='bbox 734 707 819 768; x_wconf 87' lang='lat' dir='ltr'><strong>redit</strong></span> <span class='ocrx_word' id='word_1_14' title='bbox 832 715 979 788; x_wconf 86' lang='lat' dir='ltr'><strong>potestas.</strong></span> 
     </span>
     <span class='ocr_line' id='line_1_4' title="bbox 389 793 1006 870; baseline -0.01 -14"><span class='ocrx_word' id='word_1_15' title='bbox 389 795 501 856; x_wconf 83' lang='lat' dir='ltr'><strong>5Felirr</strong></span> <span class='ocrx_word' id='word_1_16' title='bbox 516 795 668 854; x_wconf 74' lang='lat' dir='ltr'><strong>auriferae</strong></span> <span class='ocrx_word' id='word_1_17' title='bbox 684 793 793 852; x_wconf 89' lang='lat' dir='ltr'><strong>colone</strong></span> <span class='ocrx_word' id='word_1_18' title='bbox 807 798 928 870; x_wconf 69' lang='lat' dir='ltr'><strong>terrae,</strong></span> <span class='ocrx_word' id='word_1_19' title='bbox 1004 818 1006 823; x_wconf 95' lang='lat'>·</span> 
     </span>
     <span class='ocr_line' id='line_1_5' title="bbox 408 877 922 940; baseline -0.01 0"><span class='ocrx_word' id='word_1_20' title='bbox 408 879 574 940; x_wconf 82' lang='lat' dir='ltr'><strong>Rectorem</strong></span> <span class='ocrx_word' id='word_1_21' title='bbox 589 898 682 937; x_wconf 87' lang='lat' dir='ltr'><strong>vacuo</strong></span> <span class='ocrx_word' id='word_1_22' title='bbox 697 877 766 936; x_wconf 89' lang='lat' dir='ltr'><strong>sinu</strong></span> <span class='ocrx_word' id='word_1_23' title='bbox 780 878 922 936; x_wconf 80' lang='lat' dir='ltr'><strong>remittes</strong></span> 
     </span>
     <span class='ocr_line' id='line_1_6' title="bbox 410 964 968 1043; baseline -0.005 -20"><span class='ocrx_word' id='word_1_24' title='bbox 410 964 601 1043; x_wconf 83' lang='lat' dir='ltr'><strong>Optabisque</strong></span> <span class='ocrx_word' id='word_1_25' title='bbox 615 981 731 1037; x_wconf 84' lang='lat' dir='ltr'><strong>moras,</strong></span> <span class='ocrx_word' id='word_1_26' title='bbox 754 968 787 1020; x_wconf 98' lang='lat' dir='ltr'><strong>et</strong></span> <span class='ocrx_word' id='word_1_27' title='bbox 803 969 968 1020; x_wconf 86' lang='lat' dir='ltr'><strong>exeuntem</strong></span> 
     </span>
     <span class='ocr_line' id='line_1_7' title="bbox 409 1045 960 1124; baseline -0.009 -16"><span class='ocrx_word' id='word_1_28' title='bbox 409 1047 480 1108; x_wconf 88' lang='lat' dir='ltr'><strong>Udo</strong></span> <span class='ocrx_word' id='word_1_29' title='bbox 495 1047 632 1106; x_wconf 83' lang='lat' dir='ltr'><strong>Dalmata</strong></span> <span class='ocrx_word' id='word_1_30' title='bbox 645 1045 754 1124; x_wconf 81' lang='lat' dir='ltr'><strong>gaudio</strong></span> <span class='ocrx_word' id='word_1_31' title='bbox 770 1047 921 1124; x_wconf 91' lang='lat' dir='ltr'><strong>sequeris.</strong></span> <span class='ocrx_word' id='word_1_32' title='bbox 957 1098 960 1103; x_wconf 10' lang='grc' dir='ltr'><em>Δ</em></span> 
     </span>
     <span class='ocr_line' id='line_1_8' title="bbox 410 1129 1068 1208; baseline -0.006 -15"><span class='ocrx_word' id='word_1_33' title='bbox 410 1132 473 1193; x_wconf 90' lang='lat' dir='ltr'><strong>Nos</strong></span> <span class='ocrx_word' id='word_1_34' title='bbox 489 1129 610 1208; x_wconf 83' lang='lat' dir='ltr'><strong>Celtas,</strong></span> <span class='ocrx_word' id='word_1_35' title='bbox 626 1131 750 1207; x_wconf 82' lang='lat' dir='ltr'><strong>Macer,</strong></span> <span class='ocrx_word' id='word_1_36' title='bbox 771 1136 803 1189; x_wconf 92' lang='lat' dir='ltr'><strong>et</strong></span> <span class='ocrx_word' id='word_1_37' title='bbox 815 1136 919 1190; x_wconf 88' lang='lat' dir='ltr'><strong>truces</strong></span> <span class='ocrx_word' id='word_1_38' title='bbox 934 1130 1068 1192; x_wconf 85' lang='lat' dir='ltr'><strong>Hiberos</strong></span> 
     </span>
     <span class='ocr_line' id='line_1_9' title="bbox 370 1214 1062 1297; baseline -0.01 -18"><span class='ocrx_word' id='word_1_39' title='bbox 370 1226 405 1279; x_wconf 90' lang='lat'><strong>10</strong></span> <span class='ocrx_word' id='word_1_40' title='bbox 412 1218 489 1277; x_wconf 88' lang='lat' dir='ltr'><strong>Oum</strong></span> <span class='ocrx_word' id='word_1_41' title='bbox 503 1214 658 1274; x_wconf 89' lang='lat' dir='ltr'><strong>desiderio</strong></span> <span class='ocrx_word' id='word_1_42' title='bbox 673 1216 719 1274; x_wconf 94' lang='lat' dir='ltr'><strong>tui</strong></span> <span class='ocrx_word' id='word_1_43' title='bbox 733 1220 884 1294; x_wconf 86' lang='lat' dir='ltr'><strong>petemus.</strong></span> <span class='ocrx_word' id='word_1_44' title='bbox 1054 1274 1062 1297; x_wconf 35' lang='grc' dir='ltr'><strong>,Ι</strong></span> 
     </span>
     <span class='ocr_line' id='line_1_10' title="bbox 411 1295 1045 1379; baseline -0.005 -20"><span class='ocrx_word' id='word_1_45' title='bbox 411 1299 476 1360; x_wconf 87' lang='lat' dir='ltr'><strong>Sed</strong></span> <span class='ocrx_word' id='word_1_46' title='bbox 490 1317 689 1379; x_wconf 90' lang='lat' dir='ltr'><strong>quaecuuque</strong></span> <span class='ocrx_word' id='word_1_47' title='bbox 704 1305 806 1359; x_wconf 91' lang='lat' dir='ltr'><strong>tamen</strong></span> <span class='ocrx_word' id='word_1_48' title='bbox 821 1298 942 1357; x_wconf 89' lang='lat' dir='ltr'><strong>feretur</strong></span> <span class='ocrx_word' id='word_1_49' title='bbox 958 1295 1045 1357; x_wconf 91' lang='lat' dir='ltr'><strong>illinc</strong></span> 
     </span>
     <span class='ocr_line' id='line_1_11' title="bbox 411 1382 902 1461; baseline -0.008 -18"><span class='ocrx_word' id='word_1_50' title='bbox 411 1385 530 1444; x_wconf 83' lang='lat' dir='ltr'><strong>Piscosi</strong></span> <span class='ocrx_word' id='word_1_51' title='bbox 546 1382 660 1443; x_wconf 86' lang='lat' dir='ltr'><strong>calamo</strong></span> <span class='ocrx_word' id='word_1_52' title='bbox 676 1383 755 1461; x_wconf 70' lang='lat' dir='ltr'><strong>&#39;I&#39;agi</strong></span> <span class='ocrx_word' id='word_1_53' title='bbox 769 1390 902 1460; x_wconf 82' lang='lat' dir='ltr'><strong>potata,-</strong></span> 
     </span>
     <span class='ocr_line' id='line_1_12' title="bbox 411 1467 987 1548; baseline -0.009 -20"><span class='ocrx_word' id='word_1_54' title='bbox 411 1469 550 1528; x_wconf 89' lang='lat' dir='ltr'><strong>Macrum</strong></span> <span class='ocrx_word' id='word_1_55' title='bbox 564 1469 673 1548; x_wconf 86' lang='lat' dir='ltr'><strong>pagina</strong></span> <span class='ocrx_word' id='word_1_56' title='bbox 689 1477 795 1526; x_wconf 88' lang='lat' dir='ltr'><strong>nostra</strong></span> <span class='ocrx_word' id='word_1_57' title='bbox 810 1467 987 1526; x_wconf 70' lang='lat' dir='ltr'><strong>nominabit.</strong></span> 
     </span>
     <span class='ocr_line' id='line_1_13' title="bbox 411 1551 944 1631; baseline 0 -21"><span class='ocrx_word' id='word_1_58' title='bbox 411 1552 463 1611; x_wconf 90' lang='lat' dir='ltr'><strong>Sic</strong></span> <span class='ocrx_word' id='word_1_59' title='bbox 477 1554 560 1611; x_wconf 90' lang='lat' dir='ltr'><strong>inter</strong></span> <span class='ocrx_word' id='word_1_60' title='bbox 575 1558 698 1612; x_wconf 87' lang='lat' dir='ltr'><strong>veteres</strong></span> <span class='ocrx_word' id='word_1_61' title='bbox 711 1551 798 1629; x_wconf 84' lang='lat' dir='ltr'><strong>legar</strong></span> <span class='ocrx_word' id='word_1_62' title='bbox 811 1556 944 1631; x_wconf 63' lang='lat' dir='ltr'><strong>poetas„</strong></span> 
     </span>
     <span class='ocr_line' id='line_1_14' title="bbox 369 1633 1019 1716; baseline -0.005 -18"><span class='ocrx_word' id='word_1_63' title='bbox 369 1636 474 1698; x_wconf 81' lang='lat' dir='ltr'><strong>15Nec</strong></span> <span class='ocrx_word' id='word_1_64' title='bbox 488 1633 601 1695; x_wconf 91' lang='lat' dir='ltr'><strong>multos</strong></span> <span class='ocrx_word' id='word_1_65' title='bbox 616 1637 691 1695; x_wconf 91' lang='lat' dir='ltr'><strong>mihi</strong></span> <span class='ocrx_word' id='word_1_66' title='bbox 705 1636 864 1716; x_wconf 87' lang='lat' dir='ltr'><strong>praeferas</strong></span> <span class='ocrx_word' id='word_1_67' title='bbox 878 1635 1019 1714; x_wconf 85' lang='lat' dir='ltr'><strong>priores,</strong></span> 
     </span>
     <span class='ocr_line' id='line_1_15' title="bbox 410 1717 1128 1803; baseline -0.007 -22"><span class='ocrx_word' id='word_1_68' title='bbox 410 1720 479 1781; x_wconf 90' lang='lat' dir='ltr'><strong>Uno</strong></span> <span class='ocrx_word' id='word_1_69' title='bbox 494 1719 623 1780; x_wconf 89' lang='lat' dir='ltr'><strong>sedtibi</strong></span> <span class='ocrx_word' id='word_1_70' title='bbox 637 1721 695 1780; x_wconf 92' lang='lat' dir='ltr'><strong>sim</strong></span> <span class='ocrx_word' id='word_1_71' title='bbox 707 1721 807 1779; x_wconf 89' lang='lat' dir='ltr'><strong>minor</strong></span> <span class='ocrx_word' id='word_1_72' title='bbox 823 1717 953 1803; x_wconf 80' lang='lat' dir='ltr'><strong>Catullo.</strong></span> <span class='ocrx_word' id='word_1_73' title='bbox 1013 1784 1018 1793; x_wconf 32' lang='lat'><strong><em>¹</em></strong></span> <span class='ocrx_word' id='word_1_74' title='bbox 1124 1780 1128 1788; x_wconf 63' lang='grc'><em>,</em></span> 
     </span>
    </p>
   </div>
   <div class='ocr_carea' id='block_1_3' title="bbox 779 1852 915 1913">
    <p class='ocr_par' dir='ltr' id='par_1_3' title="bbox 779 1852 915 1913">
     <span class='ocr_line' id='line_1_16' title="bbox 779 1852 915 1913; baseline 0.007 -1"><span class='ocrx_word' id='word_1_75' title='bbox 779 1852 915 1913; x_wconf 87' lang='lat' dir='ltr'><strong>LXXIX.</strong></span> 
     </span>
    </p>
   </div>
   <div class='ocr_carea' id='block_1_4' title="bbox 343 1965 1251 2804">
    <p class='ocr_par' dir='ltr' id='par_1_4' title="bbox 343 1965 1251 2804">
     <span class='ocr_line' id='line_1_17' title="bbox 343 1965 1251 2048; baseline 0.001 -20"><span class='ocrx_word' id='word_1_76' title='bbox 343 1998 345 2003; x_wconf 96' lang='lat'>·</span> <span class='ocrx_word' id='word_1_77' title='bbox 411 1966 460 2028; x_wconf 87' lang='lat' dir='ltr'><strong>Ad</strong></span> <span class='ocrx_word' id='word_1_78' title='bbox 469 1965 608 2048; x_wconf 90' lang='lat' dir='ltr'><strong>lapidem</strong></span> <span class='ocrx_word' id='word_1_79' title='bbox 622 1965 798 2045; x_wconf 81' lang='lat' dir='ltr'><strong>Torquatus</strong></span> <span class='ocrx_word' id='word_1_80' title='bbox 813 1967 908 2026; x_wconf 92' lang='lat' dir='ltr'><strong>habet</strong></span> <span class='ocrx_word' id='word_1_81' title='bbox 921 1967 1078 2047; x_wconf 89' lang='lat' dir='ltr'><strong>praetoria</strong></span> <span class='ocrx_word' id='word_1_82' title='bbox 1093 1968 1251 2046; x_wconf 72' lang='lat' dir='ltr'><strong>quartum</strong></span> 
     </span>
     <span class='ocr_line' id='line_1_18' title="bbox 453 2049 1103 2130; baseline 0 -18"><span class='ocrx_word' id='word_1_83' title='bbox 453 2050 503 2112; x_wconf 89' lang='lat' dir='ltr'><strong>Ad</strong></span> <span class='ocrx_word' id='word_1_84' title='bbox 518 2058 659 2130; x_wconf 91' lang='lat' dir='ltr'><strong>quartum</strong></span> <span class='ocrx_word' id='word_1_85' title='bbox 673 2053 768 2111; x_wconf 85' lang='lat' dir='ltr'><strong>breve</strong></span> <span class='ocrx_word' id='word_1_86' title='bbox 785 2071 838 2111; x_wconf 88' lang='lat' dir='ltr'><strong>rus</strong></span> <span class='ocrx_word' id='word_1_87' title='bbox 853 2052 928 2111; x_wconf 92' lang='lat' dir='ltr'><strong>emit</strong></span> <span class='ocrx_word' id='word_1_88' title='bbox 944 2049 1103 2112; x_wconf 81' lang='lat' dir='ltr'><strong>Otacilius.</strong></span> 
     </span>
     <span class='ocr_line' id='line_1_19' title="bbox 414 2134 1194 2215; baseline -0.003 -18"><span class='ocrx_word' id='word_1_89' title='bbox 414 2136 590 2215; x_wconf 87' lang='lat' dir='ltr'><strong>Torquatus</strong></span> <span class='ocrx_word' id='word_1_90' title='bbox 605 2134 718 2196; x_wconf 89' lang='lat' dir='ltr'><strong>nitidas</strong></span> <span class='ocrx_word' id='word_1_91' title='bbox 732 2137 815 2195; x_wconf 83' lang='lat' dir='ltr'><strong>vario</strong></span> <span class='ocrx_word' id='word_1_92' title='bbox 837 2135 876 2195; x_wconf 90' lang='lat' dir='ltr'><strong>de</strong></span> <span class='ocrx_word' id='word_1_93' title='bbox 891 2154 1042 2195; x_wconf 91' lang='lat' dir='ltr'><strong>marmore</strong></span> <span class='ocrx_word' id='word_1_94' title='bbox 1057 2137 1194 2196; x_wconf 86' lang='lat' dir='ltr'><strong>thermas</strong></span> 
     </span>
     <span class='ocr_line' id='line_1_20' title="bbox 453 2218 1093 2294; baseline -0.005 -14"><span class='ocrx_word' id='word_1_95' title='bbox 453 2221 612 2294; x_wconf 80' lang='lat' dir='ltr'><strong>Extruxit3</strong></span> <span class='ocrx_word' id='word_1_96' title='bbox 635 2240 789 2279; x_wconf 89' lang='lat' dir='ltr'><strong>cucumam</strong></span> <span class='ocrx_word' id='word_1_97' title='bbox 803 2220 880 2280; x_wconf 87' lang='lat' dir='ltr'><strong>fecit</strong></span> <span class='ocrx_word' id='word_1_98' title='bbox 895 2218 1054 2281; x_wconf 83' lang='lat' dir='ltr'><strong>Otacilius.</strong></span> <span class='ocrx_word' id='word_1_99' title='bbox 1089 2228 1093 2235; x_wconf 89' lang='grc'><strong>“</strong></span> 
     </span>
     <span class='ocr_line' id='line_1_21' title="bbox 390 2304 1168 2383; baseline -0.004 -17"><span class='ocrx_word' id='word_1_100' title='bbox 390 2304 572 2383; x_wconf 85' lang='lat' dir='ltr'><strong>5Disposuit</strong></span> <span class='ocrx_word' id='word_1_101' title='bbox 586 2304 748 2383; x_wconf 86' lang='lat' dir='ltr'><strong>daphnona</strong></span> <span class='ocrx_word' id='word_1_102' title='bbox 762 2324 816 2363; x_wconf 87' lang='lat' dir='ltr'><strong>suo</strong></span> <span class='ocrx_word' id='word_1_103' title='bbox 835 2304 1010 2382; x_wconf 84' lang='lat' dir='ltr'><strong>Torquatus</strong></span> <span class='ocrx_word' id='word_1_104' title='bbox 1027 2305 1060 2363; x_wconf 87' lang='lat' dir='ltr'><strong>iu</strong></span> <span class='ocrx_word' id='word_1_105' title='bbox 1075 2321 1168 2382; x_wconf 74' lang='lat' dir='ltr'><strong>agro3</strong></span> 
     </span>
     <span class='ocr_line' id='line_1_22' title="bbox 443 2386 1021 2463; baseline 0 -17"><span class='ocrx_word' id='word_1_106' title='bbox 443 2390 619 2463; x_wconf 84' lang='lat' dir='ltr'><strong>¹Castaneas</strong></span> <span class='ocrx_word' id='word_1_107' title='bbox 636 2394 757 2447; x_wconf 88' lang='lat' dir='ltr'><strong>centum</strong></span> <span class='ocrx_word' id='word_1_108' title='bbox 772 2390 851 2447; x_wconf 89' lang='lat' dir='ltr'><strong>sevit</strong></span> <span class='ocrx_word' id='word_1_109' title='bbox 865 2386 1021 2448; x_wconf 91' lang='lat' dir='ltr'><strong>Otacilius.</strong></span> 
     </span>
     <span class='ocr_line' id='line_1_23' title="bbox 415 2470 1119 2551; baseline -0.001 -19"><span class='ocrx_word' id='word_1_110' title='bbox 415 2470 550 2532; x_wconf 81' lang='lat' dir='ltr'><strong>Consule</strong></span> <span class='ocrx_word' id='word_1_111' title='bbox 564 2472 723 2548; x_wconf 87' lang='lat' dir='ltr'><strong>Torquato</strong></span> <span class='ocrx_word' id='word_1_112' title='bbox 739 2473 798 2530; x_wconf 86' lang='lat' dir='ltr'><strong>vici</strong></span> <span class='ocrx_word' id='word_1_113' title='bbox 814 2472 875 2530; x_wconf 86' lang='lat' dir='ltr'><strong>fuit</strong></span> <span class='ocrx_word' id='word_1_114' title='bbox 888 2470 942 2530; x_wconf 91' lang='lat' dir='ltr'><strong>ille</strong></span> <span class='ocrx_word' id='word_1_115' title='bbox 958 2471 1119 2551; x_wconf 81' lang='lat' dir='ltr'><strong>magister,</strong></span> 
     </span>
     <span class='ocr_line' id='line_1_24' title="bbox 454 2555 1101 2616; baseline 0.003 -2"><span class='ocrx_word' id='word_1_116' title='bbox 454 2555 524 2614; x_wconf 87' lang='lat' dir='ltr'><strong>Non</strong></span> <span class='ocrx_word' id='word_1_117' title='bbox 538 2557 637 2614; x_wconf 89' lang='lat' dir='ltr'><strong>minor</strong></span> <span class='ocrx_word' id='word_1_118' title='bbox 651 2558 684 2615; x_wconf 85' lang='lat' dir='ltr'><strong>in</strong></span> <span class='ocrx_word' id='word_1_119' title='bbox 700 2562 786 2615; x_wconf 86' lang='lat' dir='ltr'><strong>tanto</strong></span> <span class='ocrx_word' id='word_1_120' title='bbox 801 2557 883 2616; x_wconf 90' lang='lat' dir='ltr'><strong>visus</strong></span> <span class='ocrx_word' id='word_1_121' title='bbox 898 2557 1017 2615; x_wconf 89' lang='lat' dir='ltr'><strong>honore</strong></span> <span class='ocrx_word' id='word_1_122' title='bbox 1032 2556 1101 2616; x_wconf 89' lang='lat' dir='ltr'><strong>sibi.</strong></span> 
     </span>
     <span class='ocr_line' id='line_1_25' title="bbox 411 2633 1181 2718; baseline 0.004 -19"><span class='ocrx_word' id='word_1_123' title='bbox 411 2637 545 2699; x_wconf 87' lang='lat' dir='ltr'><strong>Grandis</strong></span> <span class='ocrx_word' id='word_1_124' title='bbox 559 2647 594 2698; x_wconf 91' lang='lat' dir='ltr'><strong>ut</strong></span> <span class='ocrx_word' id='word_1_125' title='bbox 608 2641 746 2716; x_wconf 82' lang='lat' dir='ltr'><strong>exiguam</strong></span> <span class='ocrx_word' id='word_1_126' title='bbox 760 2633 816 2698; x_wconf 84' lang='lat' dir='ltr'><strong>bos</strong></span> <span class='ocrx_word' id='word_1_127' title='bbox 829 2659 934 2698; x_wconf 88' lang='lat' dir='ltr'><strong>ranam</strong></span> <span class='ocrx_word' id='word_1_128' title='bbox 949 2638 1181 2718; x_wconf 76' lang='lat' dir='ltr'><strong>mperatum,</strong></span> 
     </span>
     <span class='ocr_line' id='line_1_26' title="bbox 369 2722 1155 2804; baseline 0.005 -22"><span class='ocrx_word' id='word_1_129' title='bbox 369 2731 403 2784; x_wconf 86' lang='lat'><strong>10</strong></span> <span class='ocrx_word' id='word_1_130' title='bbox 452 2722 519 2800; x_wconf 81' lang='lat' dir='ltr'><strong>Sic,</strong></span> <span class='ocrx_word' id='word_1_131' title='bbox 540 2728 632 2804; x_wconf 79' lang='lat' dir='ltr'><strong>puto,</strong></span> <span class='ocrx_word' id='word_1_132' title='bbox 652 2723 829 2802; x_wconf 84' lang='lat' dir='ltr'><strong>Torquatus</strong></span> <span class='ocrx_word' id='word_1_133' title='bbox 843 2730 967 2803; x_wconf 87' lang='lat' dir='ltr'><strong>rumpet</strong></span> <span class='ocrx_word' id='word_1_134' title='bbox 980 2723 1155 2786; x_wconf 88' lang='lat' dir='ltr'><strong>Otacilium.</strong></span> 
     </span>
    </p>
   </div>
   <div class='ocr_carea' id='block_1_5' title="bbox 785 2857 907 2920">
    <p class='ocr_par' dir='ltr' id='par_1_5' title="bbox 785 2857 907 2920">
     <span class='ocr_line' id='line_1_27' title="bbox 785 2857 907 2920; baseline 0.016 -3"><span class='ocrx_word' id='word_1_135' title='bbox 785 2857 907 2920; x_wconf 92' lang='lat' dir='ltr'><strong>LXXX.</strong></span> 
     </span>
    </p>
   </div>
   <div class='ocr_carea' id='block_1_6' title="bbox 310 2966 1302 3453">
    <p class='ocr_par' dir='ltr' id='par_1_6' title="bbox 310 2966 1302 3453">
     <span class='ocr_line' id='line_1_28' title="bbox 411 2966 1241 3049; baseline 0.005 -19"><span class='ocrx_word' id='word_1_136' title='bbox 411 2969 517 3031; x_wconf 90' lang='lat' dir='ltr'><strong>Plorat</strong></span> <span class='ocrx_word' id='word_1_137' title='bbox 530 2971 626 3047; x_wconf 84' lang='lat' dir='ltr'><strong>Eros,</strong></span> <span class='ocrx_word' id='word_1_138' title='bbox 650 2971 792 3047; x_wconf 88' lang='lat' dir='ltr'><strong>quotiens</strong></span> <span class='ocrx_word' id='word_1_139' title='bbox 805 2969 979 3030; x_wconf 86' lang='lat' dir='ltr'><strong>maculosae</strong></span> <span class='ocrx_word' id='word_1_140' title='bbox 993 2966 1105 3049; x_wconf 87' lang='lat' dir='ltr'><strong>poeula</strong></span> <span class='ocrx_word' id='word_1_141' title='bbox 1117 2989 1241 3034; x_wconf 84' lang='lat' dir='ltr'><strong>murrae</strong></span> 
     </span>
     <span class='ocr_line' id='line_1_29' title="bbox 453 3053 1131 3136; baseline -0.003 -21"><span class='ocrx_word' id='word_1_142' title='bbox 453 3056 595 3136; x_wconf 81' lang='lat' dir='ltr'><strong>Inspicit,</strong></span> <span class='ocrx_word' id='word_1_143' title='bbox 617 3061 668 3113; x_wconf 89' lang='lat' dir='ltr'><strong>aut</strong></span> <span class='ocrx_word' id='word_1_144' title='bbox 682 3073 796 3133; x_wconf 90' lang='lat' dir='ltr'><strong>pueros</strong></span> <span class='ocrx_word' id='word_1_145' title='bbox 811 3053 984 3115; x_wconf 88' lang='lat' dir='ltr'><strong>nobiliusve</strong></span> <span class='ocrx_word' id='word_1_146' title='bbox 1004 3055 1131 3132; x_wconf 85' lang='lat' dir='ltr'><strong>citrum,</strong></span> 
     </span>
     <span class='ocr_line' id='line_1_30' title="bbox 310 3137 1173 3219; baseline -0.005 -18"><span class='ocrx_word' id='word_1_147' title='bbox 310 3165 315 3174; x_wconf 91' lang='lat'><strong>·</strong></span> <span class='ocrx_word' id='word_1_148' title='bbox 411 3141 453 3202; x_wconf 82' lang='lat' dir='ltr'><strong>Et</strong></span> <span class='ocrx_word' id='word_1_149' title='bbox 469 3140 599 3218; x_wconf 85' lang='lat' dir='ltr'><strong>gemitus</strong></span> <span class='ocrx_word' id='word_1_150' title='bbox 615 3139 675 3198; x_wconf 91' lang='lat' dir='ltr'><strong>imo</strong></span> <span class='ocrx_word' id='word_1_151' title='bbox 691 3137 775 3198; x_wconf 87' lang='lat' dir='ltr'><strong>ducit</strong></span> <span class='ocrx_word' id='word_1_152' title='bbox 791 3138 830 3199; x_wconf 93' lang='lat' dir='ltr'><strong>de</strong></span> <span class='ocrx_word' id='word_1_153' title='bbox 847 3145 991 3219; x_wconf 86' lang='lat' dir='ltr'><strong>pectore,</strong></span> <span class='ocrx_word' id='word_1_154' title='bbox 1015 3137 1096 3217; x_wconf 90' lang='lat' dir='ltr'><strong>quod</strong></span> <span class='ocrx_word' id='word_1_155' title='bbox 1110 3157 1173 3197; x_wconf 89' lang='lat' dir='ltr'><strong>non</strong></span> 
     </span>
     <span class='ocr_line' id='line_1_31' title="bbox 385 3221 1191 3302; baseline 0 -17"><span class='ocrx_word' id='word_1_156' title='bbox 385 3256 388 3262; x_wconf 93' lang='lat'><strong>·</strong></span> <span class='ocrx_word' id='word_1_157' title='bbox 455 3224 535 3284; x_wconf 73' lang='lat' dir='ltr'><strong>&#39;I&#39;ota</strong></span> <span class='ocrx_word' id='word_1_158' title='bbox 550 3225 644 3283; x_wconf 91' lang='lat' dir='ltr'><strong>miser</strong></span> <span class='ocrx_word' id='word_1_159' title='bbox 659 3226 776 3283; x_wconf 64' lang='lat' dir='ltr'><strong>coemat</strong></span> <span class='ocrx_word' id='word_1_160' title='bbox 791 3224 887 3302; x_wconf 89' lang='lat' dir='ltr'><strong>Septa</strong></span> <span class='ocrx_word' id='word_1_161' title='bbox 903 3224 1044 3301; x_wconf 87' lang='lat' dir='ltr'><strong>seratque</strong></span> <span class='ocrx_word' id='word_1_162' title='bbox 1060 3221 1191 3285; x_wconf 89' lang='lat' dir='ltr'><strong>domum.</strong></span> 
     </span>
     <span class='ocr_line' id='line_1_32' title="bbox 390 3302 1302 3387; baseline 0 -18"><span class='ocrx_word' id='word_1_163' title='bbox 390 3309 511 3385; x_wconf 78' lang='lat' dir='ltr'><strong>bQuam</strong></span> <span class='ocrx_word' id='word_1_164' title='bbox 525 3309 613 3367; x_wconf 92' lang='lat' dir='ltr'><strong>multi</strong></span> <span class='ocrx_word' id='word_1_165' title='bbox 627 3308 761 3386; x_wconf 80' lang='lat' dir='ltr'><strong>faciunt,</strong></span> <span class='ocrx_word' id='word_1_166' title='bbox 784 3306 868 3387; x_wconf 93' lang='lat' dir='ltr'><strong>quod</strong></span> <span class='ocrx_word' id='word_1_167' title='bbox 882 3308 978 3385; x_wconf 86' lang='lat' dir='ltr'><strong>Eros,</strong></span> <span class='ocrx_word' id='word_1_168' title='bbox 1000 3305 1056 3366; x_wconf 90' lang='lat' dir='ltr'><strong>sed</strong></span> <span class='ocrx_word' id='word_1_169' title='bbox 1069 3305 1185 3368; x_wconf 89' lang='lat' dir='ltr'><strong>lumine</strong></span> <span class='ocrx_word' id='word_1_170' title='bbox 1201 3302 1302 3371; x_wconf 85' lang='lat' dir='ltr'><strong>slccol</strong></span> 
     </span>
     <span class='ocr_line' id='line_1_33' title="bbox 453 3390 1156 3453; baseline 0.003 -2"><span class='ocrx_word' id='word_1_171' title='bbox 453 3392 529 3451; x_wconf 88' lang='lat' dir='ltr'><strong>Pars</strong></span> <span class='ocrx_word' id='word_1_172' title='bbox 544 3394 641 3452; x_wconf 92' lang='lat' dir='ltr'><strong>maior</strong></span> <span class='ocrx_word' id='word_1_173' title='bbox 654 3391 796 3452; x_wconf 90' lang='lat' dir='ltr'><strong>lacrimas</strong></span> <span class='ocrx_word' id='word_1_174' title='bbox 810 3390 895 3451; x_wconf 92' lang='lat' dir='ltr'><strong>ridet</strong></span> <span class='ocrx_word' id='word_1_175' title='bbox 910 3397 942 3451; x_wconf 91' lang='lat' dir='ltr'><strong>et</strong></span> <span class='ocrx_word' id='word_1_176' title='bbox 955 3393 1037 3452; x_wconf 90' lang='lat' dir='ltr'><strong>intus</strong></span> <span class='ocrx_word' id='word_1_177' title='bbox 1052 3393 1156 3453; x_wconf 87' lang='lat' dir='ltr'><strong>habet.</strong></span> 
     </span>
    </p>
   </div>
   <div class='ocr_carea' id='block_1_7' title="bbox 803 3524 937 3587">
    <p class='ocr_par' dir='ltr' id='par_1_7' title="bbox 803 3524 937 3587">
     <span class='ocr_line' id='line_1_34' title="bbox 803 3524 937 3587; baseline 0 -1"><span class='ocrx_word' id='word_1_178' title='bbox 803 3524 937 3587; x_wconf 91' lang='lat' dir='ltr'><strong>LXXXI.</strong></span> 
     </span>
    </p>
   </div>
   <div class='ocr_carea' id='block_1_8' title="bbox 412 3637 1197 3807">
    <p class='ocr_par' dir='ltr' id='par_1_8' title="bbox 412 3637 1197 3807">
     <span class='ocr_line' id='line_1_35' title="bbox 412 3637 1197 3719; baseline 0.003 -19"><span class='ocrx_word' id='word_1_179' title='bbox 412 3641 488 3700; x_wconf 82' lang='lat' dir='ltr'><strong>Oura</strong></span> <span class='ocrx_word' id='word_1_180' title='bbox 505 3637 565 3698; x_wconf 89' lang='lat' dir='ltr'><strong>duo</strong></span> <span class='ocrx_word' id='word_1_181' title='bbox 579 3639 737 3700; x_wconf 88' lang='lat' dir='ltr'><strong>venissent</strong></span> <span class='ocrx_word' id='word_1_182' title='bbox 751 3639 789 3699; x_wconf 91' lang='lat' dir='ltr'><strong>ad</strong></span> <span class='ocrx_word' id='word_1_183' title='bbox 804 3638 947 3719; x_wconf 86' lang='lat' dir='ltr'><strong>Phyllida</strong></span> <span class='ocrx_word' id='word_1_184' title='bbox 961 3658 1050 3700; x_wconf 90' lang='lat' dir='ltr'><strong>mane</strong></span> <span class='ocrx_word' id='word_1_185' title='bbox 1062 3641 1197 3703; x_wconf 91' lang='lat' dir='ltr'><strong>fututum</strong></span> 
     </span>
     <span class='ocr_line' id='line_1_36' title="bbox 451 3722 1167 3807; baseline 0.001 -22"><span class='ocrx_word' id='word_1_186' title='bbox 451 3725 493 3785; x_wconf 85' lang='lat' dir='ltr'><strong>Et</strong></span> <span class='ocrx_word' id='word_1_187' title='bbox 507 3722 619 3783; x_wconf 87' lang='lat' dir='ltr'><strong>nudam</strong></span> <span class='ocrx_word' id='word_1_188' title='bbox 634 3729 763 3804; x_wconf 89' lang='lat' dir='ltr'><strong>cuperet</strong></span> <span class='ocrx_word' id='word_1_189' title='bbox 777 3743 899 3786; x_wconf 88' lang='lat' dir='ltr'><strong>sumere</strong></span> <span class='ocrx_word' id='word_1_190' title='bbox 916 3730 1048 3805; x_wconf 89' lang='lat' dir='ltr'><strong>uterque</strong></span> <span class='ocrx_word' id='word_1_191' title='bbox 1061 3726 1167 3807; x_wconf 88' lang='lat' dir='ltr'><strong>prior,</strong></span> 
     </span>
    </p>
   </div>
   <div class='ocr_carea' id='block_1_9' title="bbox 0 0 1638 4409">
    <p class='ocr_par' dir='ltr' id='par_1_9' title="bbox 0 0 1638 4409">
     <span class='ocr_line' id='line_1_37' title="bbox 0 0 1638 4409; baseline 0 0"><span class='ocrx_word' id='word_1_192' title='bbox 0 0 1638 4409; x_wconf 95' lang='lat' dir='ltr'><strong> </strong></span> 
     </span>
    </p>
   </div>
  </div>
 </body>
</html>
