3267 4409
533 466 1040 534 ur1oanno1nronu1u.v11.
1142 548 1145 553 ,
1247 469 1308 535 roo

757 673 820 738 LII.

354 787 483 848 Gratum
497 792 560 866 est,
575 785 658 866 quod
673 785 781 848 Celeri
793 793 917 846 nostros
932 785 1028 866 Iegis,
1040 786 1159 867 Aucte,
1173 784 1309 868 libellos,

396 870 430 931 Si
444 877 547 931 tamen
561 879 594 932 et
609 870 753 932 Celerem
772 870 853 950 quod
869 869 966 949 legis,
985 872 1102 949 Auete,
1124 873 1218 938 iuvat.

351 955 409 1016 Ille
426 973 510 1014 meas
525 962 634 1033 gentes
649 959 682 1014 et
697 954 803 1015 Celtas
817 956 900 1015 rexit
913 955 1065 1034 Hiberos,

394 1039 460 1099 Nec
474 1039 535 1098 fuit
548 1040 581 1098 in
594 1046 701 1098 nostro
716 1041 834 1099 certior
849 1041 925 1098 orbe
939 1037 1027 1099 fides.

332 1124 460 1185 5Maior
473 1141 522 1182 me
538 1128 623 1182 tanto
639 1124 816 1182 reverentia
830 1125 949 1200 turbat,
971 1129 1004 1183 et
1019 1141 1108 1183 aures

393 1206 464 1267 Non
478 1205 643 1285 auditoris,
663 1204 773 1266 iudicis
786 1225 855 1267 esse
869 1213 953 1288 puto.

751 1339 829 1402 LIII.

352 1454 462 1515 Omnia
476 1455 586 1515 misisti
603 1455 678 1514 mihi
692 1452 921 1533 Saturnalibus,
937 1454 1072 1532 Umber,

392 1539 542 1616 Munera,
565 1537 759 1599 contulerant
774 1557 852 1617 quae
866 1540 924 1599 tibi
939 1539 1073 1617 quinque
1089 1537 1171 1617 dies,

350 1623 404 1683 Bis
418 1641 510 1682 aenos
523 1622 664 1702 triplices
679 1628 713 1682 et
727 1621 930 1702 dentiscalpia
943 1628 1078 1702 septem:

373 1707 450 1769 ¹llis
466 1726 567 1766 comes
583 1708 713 1766 accessit
727 1707 870 1786 spongia,
891 1726 1017 1786 mappa,
1039 1704 1134 1785 calix,

331 1789 577 1870 5Semodiusque
591 1790 680 1850 fabae
696 1811 763 1850 cum
776 1791 888 1850 vimine
902 1790 1118 1868 Picenarum,

393 1876 436 1937 Et
450 1873 615 1939 Laletanae
633 1877 721 1953 nIgra
733 1873 842 1952 Iagoua
858 1892 966 1953 sapae;

351 1961 510 2038 Parvaque
524 1979 591 2019 cum
606 1960 689 2018 canis
703 1963 857 2017 venerunt
871 1964 992 2017 cottana
1005 1957 1113 2037 prunis

393 2045 435 2103 nt
449 2043 583 2122 Libycae
598 2044 649 2102 fici
663 2040 804 2122 pondere
819 2047 900 2101 testa
914 2041 1023 2118 gravis.

351 2128 412 2192 vn
426 2132 500 2207 puto
516 2126 642 2205 triginta
656 2145 846 2184 nummorum
861 2130 926 2184 tota
941 2124 1036 2184 fuisse

309 2222 345 2274 10
391 2210 539 2289 Munera,
563 2229 639 2288 quae
654 2206 786 2288 grandes
801 2213 870 2267 octo
886 2207 987 2267 tulere
1001 2206 1080 2286 Syri.

353 2296 474 2373 Quanto
491 2292 677 2354 commodius
694 2290 781 2352 nullo
795 2292 870 2351 milri
885 2291 970 2353 ferre
983 2290 1091 2352 labore

393 2380 526 2458 Argenti
539 2379 640 2460 potuit
653 2376 793 2459 pondera
808 2376 942 2456 quinque
959 2374 1052 2458 puer!

750 2525 829 2589 LIV.

352 2638 485 2720 Semper
498 2657 586 2699 mane
601 2639 676 2698 milri
691 2638 730 2700 de
744 2659 793 2700 me
811 2645 864 2699 tua
879 2638 996 2700 somnia
1009 2656 1132 2715 narras,

395 2722 481 2799 Quae
495 2729 635 2783 moveant
649 2723 780 2783 animum
795 2723 1025 2802 sollicitentque
1039 2728 1148 2782 meum.

349 2807 413 2868 Iam
427 2807 514 2886 prior
529 2806 567 2866 ad
580 2809 716 2884 faecem,
738 2806 794 2867 sed
808 2813 841 2867 et
855 2808 932 2867 haec
945 2806 1099 2866 viudemia
1111 2803 1212 2881 veuit,

393 2892 509 2951 Exorat
522 2899 630 2950 noctes
645 2890 715 2951 dum
731 2891 806 2951 milri
821 2909 892 2968 saga
906 2898 983 2953 tuas.

328 2976 537 3057 sconsumpsi
552 2974 706 3054 salsasque
721 2973 816 3034 molas
831 2980 864 3033 et
878 2976 956 3035 turis
971 2989 1113 3049 acervos,

394 3060 572 3119 Decrevere
586 3077 713 3138 greges,
737 3058 807 3118 dum
823 3057 905 3117 cadit
919 3077 994 3137 agua
1008 3056 1175 3133 frequens;

351 3144 421 3205 Nou
437 3162 565 3222 porcus,
586 3162 648 3202 non
668 3144 784 3203 chortis
800 3159 886 3218 aves,
908 3159 970 3200 nou
984 3160 1039 3202 ova
1054 3142 1228 3220 supersunt.

394 3228 457 3288 Aut
472 3225 565 3306 vigila
579 3234 631 3288 aut
646 3225 762 3306 dormi,
784 3223 969 3304 NasidIeue,
989 3224 1058 3305 tibi.

755 3361 821 3423 LV.

312 3518 316 3526 -
351 3471 439 3534 Nulli
453 3491 595 3552 munera,
617 3474 767 3552 chreste,
790 3472 817 3532 ai
831 3470 982 3552 remittis,

352 3559 418 3618 Nec
432 3558 522 3617 nobis
538 3556 662 3618 dederis
669 3558 912 3636 remiserique:

353 3642 487 3702 Credam
500 3647 533 3701 te
549 3643 622 3702 satia
638 3661 707 3702 esse
720 3638 893 3703 liberalem.
1010 3695 1013 3698 ,

354 3727 418 3788 Sed
432 3728 460 3787 ai
473 3725 580 3788 reddis
595 3727 704 3809 Apicio
718 3726 867 3808 Lupoque
988 3769 990 3774 ,

1045 3806 1114 3874 ll*
