3267 4409
736 478 860 527 SATIRA
879 477 931 526 111.

328 620 480 699 Praecipui
502 629 586 680 sunto
609 620 703 698 sitque
725 619 783 679 illis
805 636 893 678 aurea
914 616 1012 678 barba.

328 706 437 764 Aurum
457 722 526 764 vasa
551 702 662 764 Numae
683 703 872 781 Saturniaque
899 701 1009 779 impulit
1033 719 1113 778 aera,

327 787 524 866 Vestalesque
545 805 631 847 urnas
654 795 683 846 et
705 785 829 845 Tuscum
851 784 939 844 fictile
960 794 1057 845 mutat.
1276 799 1310 850 fio
1336 808 1340 815 ¹

329 871 352 949 Ο
377 890 484 931 curvae
506 873 534 931 in
556 870 641 930 terris
662 870 773 929 animae
796 878 826 929 et
848 868 1017 928 coelestium
1039 869 1155 928 inanes!

328 954 404 1028 Quid
427 955 519 1028 iuvat,
540 952 595 1014 laos
621 953 736 1031 templis
759 960 877 1011 nostros
898 954 1049 1012 immittere
1072 970 1180 1029 mores,

327 1037 365 1097 Et
385 1036 460 1097 hona
482 1039 584 1097 diser
605 1037 660 1096 hae
683 1036 828 1095 scelerata
851 1035 958 1096 ducere
981 1034 1089 1115 pulpa?

327 1119 408 1180 llaec
431 1120 485 1179 sihi
506 1125 644 1197 corrupto
666 1120 772 1181 casiam
792 1119 926 1179 dissolvit
949 1120 1039 1195 olivo,

327 1202 408 1263 llaec
429 1201 582 1264 calabrum
605 1204 684 1262 coxit
705 1203 803 1262 vitiato
828 1203 938 1262 murice
960 1202 1066 1279 vellus,
1272 1217 1305 1270 65

326 1285 407 1346 Haec
430 1286 548 1347 baccam
570 1286 699 1347 conchae
720 1287 829 1345 rasisse
851 1295 880 1345 et
899 1287 1042 1362 stringere
1063 1305 1152 1357 vemas

327 1368 477 1429 Ferventis
499 1387 612 1430 massae
634 1369 722 1429 crudo
745 1369 781 1428 de
804 1369 925 1446 pulvere
953 1371 1044 1429 iussit.

327 1452 433 1513 Peccat
456 1462 485 1513 et
506 1454 597 1529 haec,
621 1460 741 1531 peceat:
765 1453 834 1511 vitio
857 1461 950 1512 tamen
973 1454 1073 1521 utitur;
1097 1466 1125 1515 at
1149 1474 1201 1516 vos

327 1534 439 1612 Dicite,
463 1536 634 1613 pontifices,
656 1537 684 1595 in
707 1530 808 1594 saneto
832 1536 900 1613 quid
922 1536 991 1595 iacit
1013 1536 1132 1597 aurumi

327 1617 439 1696 Nempe
448 1619 518 1679 ‘hoe
540 1619 617 1697 quod
640 1619 748 1678 Veneri
770 1619 893 1678 donatae
917 1637 933 1678 a
954 1621 1066 1696 virgine
1089 1640 1195 1700 pupae.
1272 1636 1306 1688 70
1344 1643 1354 1652 “

327 1701 402 1773 Quin
425 1703 523 1762 damus
544 1703 572 1762 id
596 1702 727 1781 superis,
749 1701 786 1760 de
809 1720 911 1778 magna
933 1705 1010 1782 quod
1033 1700 1102 1764 dare
1124 1706 1206 1768 lance

326 1783 391 1844 Nou
417 1788 511 1864 possit
532 1788 628 1862 magni
650 1784 806 1845 Messallae
829 1786 907 1865 lippa
931 1804 1078 1865 propago:

328 1865 524 1946 Compositum
546 1870 590 1929 ius
612 1870 716 1947 fasque
739 1870 840 1944 animi,
864 1879 1040 1949 sanctosque
1063 1890 1198 1932 recessus

326 1950 446 2027 Mentis,
472 1962 502 2013 et
523 1955 667 2013 incoctum
689 1969 836 2026 generoso
859 1962 962 2028 peetus
984 1954 1118 2013 honesto.

326 2034 406 2097 llaec
430 2036 504 2097 cedo
526 2045 557 2097 ut
579 2037 745 2097 admoveam
767 2035 900 2114 templis,
927 2046 955 2096 et
979 2036 1056 2098 larre
1082 2037 1181 2099 litabo.
1270 2049 1302 2102 75

709 2226 912 2236 ——u—-.

648 2369 978 2434 SATIRAIII.

324 2492 442 2600 Nempe
463 2520 536 2583 haec
558 2522 696 2585 assidue?
716 2526 770 2586 iam
793 2526 901 2586 clarum
924 2545 1006 2586 mane
1026 2525 1171 2587 fenestras

325 2608 413 2668 lntrat
436 2614 465 2665 et
486 2616 624 2684 angustas
647 2610 777 2671 extendit
798 2610 904 2670 lumine
927 2612 1028 2678 rimas;

325 2691 476 2752 stertimus
499 2691 663 2752 indomitum
685 2694 763 2771 quod
784 2694 957 2771 despumare
977 2694 1130 2754 Falernum

326 2773 470 2848 Sufficiat,
494 2775 591 2853 quinta
612 2776 678 2836 dum
699 2777 774 2837 linea
797 2779 922 2854 tangitur
943 2776 1052 2835 umbra.

325 2857 369 2917 En
391 2856 458 2934 quid
480 2855 565 2934 agis?
582 2892 624 2905 -
646 2859 758 2922 Siccae
776 2862 888 2922 insono
911 2861 1055 2921 canicule
1074 2878 1187 2921 messes
1285 2869 1302 2919 5

287 3010 291 3015 ¹
324 2940 394 3001 lam
415 2941 532 3002 dudum
553 2945 653 3022 coquit
672 2951 702 3006 et
721 2945 829 3021 patula
848 2963 945 3022 pecus
965 2962 1052 3011 omne
1070 2943 1126 3003 sub
1147 2943 1225 3003 aalma
1248 2951 1298 3016 esa

325 3024 404 3085 Unus
428 3025 467 3083 ait
490 3025 632 3086 comitum.
645 3061 687 3074 -
705 3024 871 3086 verumne?
893 3023 992 3086 itane?
1014 3027 1095 3085 ocius
1118 3026 1192 3085 adsit

324 3107 388 3167 llue
408 3106 526 3186 aliquis!
549 3106 742 3169 nemou’i—
763 3110 917 3186 Turgeseit
937 3111 1030 3169 vitrea
1052 3109 1134 3168 hilis:

323 3188 483 3251 Findor-
503 3201 534 3251 ut
556 3192 700 3254 Arcadiae
723 3196 859 3271 pecuaria
881 3194 986 3252 rudere
1008 3194 1096 3255 dieas.

324 3274 383 3334 lam
408 3273 483 3334 liber
504 3284 534 3335 et
554 3278 656 3354 positis
681 3277 795 3336 bicolor
816 3276 980 3338 membrana
1007 3275 1119 3354 capillis
1268 3285 1301 3336 10

324 3357 415 3437 Inque
435 3376 534 3418 manus
561 3359 678 3420 chartae
700 3361 870 3438 nodosaque
892 3361 971 3419 venit
993 3361 1111 3420 arundo..
1218 3429 1220 3433 .

324 3440 405 3501 Tunc
428 3443 588 3520 querimur,
615 3461 729 3503 crassus
750 3444 862 3503 calamo
886 3443 962 3523 quod
985 3444 1110 3522 pendeat
1132 3443 1241 3518 humor,

323 3523 412 3601 Nigra
437 3524 514 3603 quod
536 3527 628 3586 inlusa
649 3535 788 3586 vanescat
810 3529 892 3604 sepia
914 3527 1042 3604 lymphm

323 3606 436 3667 Dilutas
460 3610 605 3686 querimur
625 3612 752 3688 geminet
772 3611 850 3687 quod
872 3610 967 3670 listula
988 3618 1093 3687 guttas.
1161 3685 1163 3688 .

324 3689 349 3749 0
374 3692 462 3752 miser
483 3693 570 3773 inque
590 3693 653 3756 dies
674 3694 749 3756 ultra
771 3694 874 3774 miser,
897 3695 1001 3758 huoloe
1023 3710 1118 3752 rerum
1268 3705 1299 3754 15
