3267 4409
643 829 999 930 Pullllllt.

749 1026 883 1034 ——-

351 1116 383 1210 P
384 1161 432 1212 ost
450 1154 546 1212 editos
566 1156 679 1212 Grimae
696 1172 769 1212 anno
788 1153 1006 1227 quadragesimo
1023 1156 1109 1210 altero
1127 1155 1262 1214 Martialis
1280 1159 1337 1230 epi-

291 1247 467 1311 grammaton
479 1243 569 1296 libros
582 1246 681 1296 nactus
693 1258 755 1296 sum
767 1241 871 1311 aliquot
883 1240 1048 1311 scriptorum
1060 1237 1189 1296 codicum
1202 1242 1336 1313 subsidia,

292 1323 438 1397 dequibus
452 1325 592 1396 deinceps
606 1322 709 1381 dicam.

344 1411 479 1465 PrImum
506 1415 670 1465 accuratam
697 1407 873 1464 collationem
900 1404 1007 1463 codicis
1027 1406 1249 1481 Edinburgensis
1273 1411 1337 1481 (Ε),

291 1509 369 1566 quam
382 1495 415 1548 in
428 1493 647 1565 Prolegomenis
659 1510 688 1564 p.
700 1491 812 1547 LXXXI
828 1491 1010 1546 vehementer
1025 1490 1238 1563 desiderabam,
1256 1495 1339 1550 inter·

291 1593 370 1634 cessu
380 1578 535 1632 Welclreri
548 1577 645 1649 accepi
658 1594 674 1632 a
686 1576 757 1633 duat.
768 1575 933 1644 Horatiano,
948 1575 1109 1647 professore
1121 1576 1338 1652 Edinburgensi,

291 1663 333 1732 qui
342 1662 390 1717 vir
402 1661 633 1716 humanissimus
646 1661 797 1716 maximam
807 1665 916 1732 partem
927 1661 988 1732 ipse
1001 1662 1129 1730 eontulit,
1148 1664 1257 1732 reliqua
1274 1681 1339 1719 oon·

291 1743 406 1800 terenda
419 1743 551 1800 studioso
563 1744 676 1813 cuidam
687 1745 783 1800 iuveni
795 1745 947 1812 commisit,
967 1746 1014 1816 qui
1032 1751 1059 1799 et
1076 1747 1137 1816 ipse
1154 1762 1270 1802 munere
1287 1765 1338 1804 suo

291 1831 355 1885 satis
366 1834 447 1884 recte
463 1830 576 1884 iunctus
588 1833 641 1884 est.
671 1829 731 1900 Ego
750 1844 825 1883 nunc
843 1827 919 1898 quod
936 1829 1002 1884 olim
1018 1831 1094 1884 tenui
1108 1831 1260 1900 specimine
1276 1834 1340 1887 sub·

290 1915 370 1969 nixus
384 1912 423 1967 de
435 1913 539 1968 virtute
551 1912 614 1968 libri
625 1913 781 1984 perantiqui
794 1912 920 1968 divinavi
938 1914 1029 1985 magis
1043 1930 1125 1984 quam
1138 1913 1338 1988 demonstravi,

291 2014 408 2068 prorsus
422 1995 619 2052 confirmatum
631 1997 751 2068 repperi.
783 1997 892 2052 Etenim
910 1995 1001 2052 codex
1013 1997 1050 2052 ad
1062 1997 1194 2052 familiam
1205 1998 1339 2053 librorum

293 2080 323 2136 0¹
340 2082 379 2135 ita
400 2082 539 2152 pertinet,
558 2088 588 2136 ut
603 2081 862 2156 praestantissimos
883 2081 1004 2136 familiae
1021 2097 1089 2137 suae
1107 2085 1192 2136 testes
1211 2081 1339 2138 XABGV

292 2166 458 2236 plerumque
477 2169 591 2236 aequet,
609 2164 748 2220 interdum
766 2156 893 2235 superet:
912 2163 987 2223 idem
1005 2170 1081 2220 caret
1092 2165 1220 2222 omnibus
1233 2167 1268 2222 iis
1281 2167 1340 2238 qui-

292 2249 340 2304 bus
351 2250 483 2320 reliquos
495 2249 582 2304 libros
600 2247 727 2304 eiusdem
744 2248 861 2320 originis
875 2249 1007 2321 Prolegg.
1019 2265 1048 2320 p.
1062 2248 1172 2305 CXVIII
1185 2252 1338 2321 sqt'carere

294 2331 358 2387 dlxi
396 2333 434 2387 Hi
447 2336 540 2387 autem
551 2333 613 2388 libri
624 2338 651 2387 et
665 2332 748 2404 pauci
761 2333 807 2388 alii
820 2349 932 2389 rumex
949 2350 1003 2388 uno
1023 2333 1178 2404 eodemque
1197 2334 1294 2390 codiee
1313 2341 1340 2389 et

292 2431 324 2470 eo
337 2432 418 2472 saec.
434 2415 474 2470 IX
487 2415 641 2472 vetustiore
653 2432 669 2470 a
680 2417 800 2472 librariis
811 2417 913 2489 partim
924 2416 1154 2490 fidelius,partim
1165 2419 1258 2474 minus
1270 2418 1340 2474 fide·
1369 2432 1373 2439 ·

292 2500 351 2554 liter
367 2499 446 2555 ducti
459 2499 529 2569 sint,
551 2502 690 2571 sequitur,
707 2506 736 2555 ut
747 2517 784 2556 ex
796 2501 953 2557 coniunctis
968 2517 1064 2556 eorum
1080 2502 1245 2558 testimoniis
1258 2519 1340 2575 repa·

292 2587 345 2641 rari
356 2585 519 2640 communis
533 2584 615 2639 tontis
634 2585 770 2655 scriptura
784 2586 886 2655 possit.
921 2585 953 2639 In
968 2601 1072 2657 magna
1091 2586 1174 2657 igitur
1190 2586 1291 2642 horum
1308 2588 1340 2642 li-

292 2669 403 2724 brorum
416 2666 572 2724 concordia
583 2668 647 2723 ra'ro
660 2669 766 2736 evenit,
784 2672 813 2723 ut
823 2685 896 2724 unus
907 2684 944 2724 ex
955 2669 990 2724 iis
1003 2671 1079 2724 solus
1091 2686 1191 2725 verum
1206 2687 1340 2727 servave-

292 2753 323 2807 rit
336 2769 373 2808 ex
388 2750 560 2824 archetypo,
573 2753 672 2823 reliqui
684 2767 780 2808 omnes
795 2753 824 2807 in
843 2753 964 2808 deterius
979 2754 1052 2824 lapsi
1070 2754 1149 2808 siut?
1174 2752 1339 2826 Quanquam

262 2857 267 2865 ·
292 2842 331 2891 est
345 2836 479 2909 profecto
496 2837 544 2891 ubi
562 2837 649 2892 solius
661 2836 690 2892 E
702 2838 793 2892 scriba
803 2836 890 2908 pri'sci
900 2832 963 2893 libri
976 2835 1075 2893 duetus
1087 2839 1134 2893 vel
1146 2844 1292 2894 assecutus
1305 2839 1340 2894 sit

292 2926 362 2976 reete
374 2921 427 2976 vel
442 2935 509 2974 cum
523 2920 660 2991 religione
672 2921 808 2990 plnxerit:
833 2922 952 2992 saepius
964 2922 1041 2977 solus
1053 2920 1100 2977 hic
1111 2922 1180 2976 liber
1193 2920 1231 2977 ad
1241 2923 1339 2978 Putea-

291 3004 542 3073 neiVossianique
560 3004 641 3073 (ΧΑ)
659 3004 816 3059 testimonia
832 3004 918 3059 fidem
937 3004 1073 3077 adiungit.
1114 3004 1291 3076 Religionem
1308 3007 1340 3061 li·

291 3089 372 3144 brarii
401 3087 513 3159 pariter
538 3093 620 3158 atque
649 3089 844 3159 cognationem
870 3105 933 3144 cum
953 3083 1130 3147 xnsscevtt
1156 3089 1218 3144 rell.
1238 3091 1338 3161 paucis

290 3173 428 3246 exemplis
442 3171 602 3227 ostendam.
627 3170 701 3226 Libri
716 3171 736 3240 I,
748 3176 808 3240 103,
824 3174 842 3229 4

572 3251 706 3311 Riserunt
719 3254 819 3328 fantes
835 3260 862 3312 et
881 3256 1001 3312 Intuere
1017 3256 1062 3312 dei

290 3341 409 3411 prtmum
426 3334 550 3396 verbum
570 3340 598 3394 in
619 3324 770 3412 archetypo
789 3357 847 3394 non
867 3341 935 3396 satis
954 3332 1047 3412 aperte
1067 3355 1233 3411 expressum
1251 3342 1339 3398 luisse

290 3424 416 3482 ridetur:
438 3439 506 3479 nam
522 3422 709 3491 Miserunt,
726 3424 758 3478 X
768 3424 921 3490 Arserunt,
941 3424 992 3480 Ae
1000 3423 1150 3495 Miserunt,
1168 3423 1221 3481 Bc
1228 3425 1338 3481 Hause-

291 3514 356 3575 runt
373 3508 440 3567 DN
454 3507 608 3564 Auxerunt
627 3506 772 3563 dederunt.
807 3514 834 3576 3,
845 3510 917 3577 20,7
932 3508 976 3564 Aa
986 3510 1014 3563 r'n
1026 3507 1092 3563 abiit
1108 3511 1137 3564 in
1147 3508 1229 3563 ΑΒΕ
1238 3509 1266 3563 in
1275 3509 1337 3574 Ani,

292 3589 386 3656 rar,-
403 3599 450 3661 10,
466 3594 516 3660 37,
526 3595 561 3649 18
572 3591 661 3646 maele
677 3591 706 3645 in
719 3591 801 3648 m
808 3597 911 3653 meam
929 3596 953 3656 3.
968 3596 1011 3660 93,
1029 3595 1045 3650 7
1058 3592 1087 3648 Ε
1097 3593 1291 3661 corcodrillus,
1309 3592 1344 3648 X

293 3677 482 3744 aoeodrrtlus,
498 3674 572 3732 ACG
582 3675 759 3737 cocormtrua·
775 3680 802 3745 8,
814 3680 840 3745 6,
853 3681 887 3735 12
898 3676 1064 3753 strictimque
1073 3676 1223 3736 merum'm
1238 3676 1289 3733 ΑΕ
1302 3694 1354 3749 pr.

292 3756 363 3820 test
373 3763 522 3830 vetusque
528 3772 639 3826 meram,
658 3759 687 3813 ln
697 3758 917 3838 ferreosque
927 3780 1057 3838 meram,
1075 3766 1128 3843 qui
1138 3761 1371 3823 coniecturam-
