3267 4409
327 440 386 505 118
641 440 685 504 M.
702 437 796 504 Vsu.
811 438 1041 501 MARTIALIS

410 593 529 654 Sedere
542 593 576 652 in
590 594 727 671 equitum
739 592 834 654 liceat
849 612 888 653 an
903 594 962 654 tibi
976 594 1125 673 scamnis,

408 679 548 757 Videbo,
567 678 712 759 Didyme:
733 697 796 738 non
809 676 887 738 lieet
900 679 1090 741 maritorum.

794 810 886 873 XLII.

410 899 550 970 Callidus
565 909 693 970 effracta
706 928 845 968 nummos
858 909 910 969 fur
923 908 1045 970 auferet
1060 914 1148 991 a'rca,

385 996 387 1001 '
450 994 635 1054 Prosternet
648 994 765 1074 patrios
778 993 872 1074 impia
885 994 1006 1053 flamma
1017 991 1117 1055 lares:

408 1078 540 1138 Debitor
553 1098 675 1138 usuram
688 1079 807 1157 puriter
821 1083 1000 1158 sortemque
1015 1079 1158 1159 negabit,

451 1162 520 1222 Non
534 1161 647 1222 reddet
662 1159 780 1222 sterilis
794 1163 912 1222 semina
927 1163 1007 1223 iacta
1021 1179 1129 1243 seges:

389 1247 664 1326 5Dispensatorem
677 1243 771 1306 fallax
786 1246 932 1326 spoliabit
946 1247 1059 1325 amica,

451 1329 611 1391 Mercibus
627 1335 783 1391 extructas
797 1331 910 1390 obruet
920 1329 1003 1389 unda
1017 1336 1112 1393 rates.

408 1413 504 1475 Extra
518 1414 673 1474 fortunam
687 1420 752 1491 est,
774 1416 800 1474 si
816 1413 891 1493 quid
905 1413 1036 1475 donatur
1051 1414 1175 1475 amicius

329 1506 337 1539 ¹
451 1498 533 1576 Quos
548 1497 688 1578 dederis,
709 1496 791 1560 solas
807 1516 930 1580 semper
943 1498 1074 1561 habebis
1086 1516 1174 1581 opes.
1243 1576 1247 1585 Ι

790 1630 896 1695 XLIII.

409 1727 506 1787 Thais
519 1728 614 1788 habet
627 1729 748 1808 nigros,
767 1731 873 1789 niveos
886 1729 1038 1791 Laecania
1052 1728 1173 1797 dentes.

452 1811 536 1888 Quae
551 1813 629 1872 ratio
647 1813 719 1873 est?
746 1815 875 1894 Emptos
889 1815 966 1875 baec
980 1816 1092 1895 habet,
1113 1813 1170 1877 illa
1184 1836 1259 1879 suos.

792 1946 899 2011 XLIV.

409 2044 490 2122 Quid
504 2045 618 2105 iactum
633 2049 698 2124 est,
719 2064 811 2124 rogo,
832 2044 905 2124 quid
918 2050 1051 2126 repente
1065 2044 1257 2129 factumest,

408 2127 458 2189 Ad
473 2148 578 2190 cenam
594 2131 687 2208 mihi,
709 2130 828 2206 Dento,
851 2128 933 2209 quod
946 2131 1084 2210 vocanti,
1097 2163 1144 2181 —·

409 2213 485 2289 Quis
500 2213 628 2273 credat?
641 2247 684 2256 -
699 2220 809 2293 quater
824 2232 914 2273 ansus
929 2231 963 2273 es
977 2216 1116 2292 negaret

409 2295 472 2355 Sed
487 2315 545 2357 nec
560 2297 692 2376 respicis
704 2302 738 2356 et
751 2298 833 2376 fugis
848 2304 1048 2376 sequentem,

387 2380 508 2454 bQuem
523 2381 652 2440 thermis
667 2379 758 2440 modo
774 2398 927 2459 quaerere
942 2389 975 2443 et
988 2382 1121 2444 theatris

407 2463 450 2524 Et
464 2463 658 2524 conclavibus
673 2465 813 2524 omnibus
828 2462 957 2526 solebas.

409 2545 460 2605 Sic
475 2554 539 2626 cst,
561 2554 668 2627 captus
683 2567 717 2608 es
731 2549 874 2608 unctiore
889 2568 995 2610 mensa

407 2630 449 2689 Et
462 2632 558 2691 maior
573 2633 676 2711 rapuit
691 2650 796 2693 canem
812 2630 921 2695 culina.

407 2714 469 2775 Iam
485 2721 534 2793 te,
557 2715 613 2776 sed
627 2716 705 2796 cito,
728 2717 884 2794 cognitum
898 2722 931 2777 et
945 2715 1092 2778 relictum

366 2798 483 2860 lotium
497 2799 666 2860 fastidierit
679 2801 792 2881 popina
805 2799 907 2881 dives,

407 2883 561 2964 Antiquae
576 2885 682 2945 venies
697 2885 736 2945 ad
750 2903 820 2944 ossa
835 2903 940 2945 cenae.

790 3018 885 3082 XLV.

406 3120 490 3181 Dicis
505 3119 688 3198 formosam,
711 3117 789 3211 dicis
805 3126 854 3200 te,
875 3121 985 3199 Bessa,
1000 3116 1147 3202 puellam.

405 3203 491 3265 Istud
509 3222 588 3283 quae
603 3223 665 3264 nou
680 3210 730 3265 est
743 3203 867 3283 dicere,
887 3205 996 3284 Bassa,
1020 3203 1110 3267 solet.

791 3338 899 3401 XLVI.
998 3398 1004 3407 .

405 3434 496 3493 Basia
511 3433 583 3493 dum
596 3432 671 3494 nolo
685 3437 746 3496 nisi
761 3454 841 3515 quae
856 3433 1006 3495 luctantia
1021 3438 1142 3517 carpsi,

446 3517 489 3576 Et
500 3516 604 3597 placet
617 3519 665 3578 ira
678 3520 754 3579 mihi
769 3517 840 3600 plus
855 3525 922 3597 tua,
945 3540 1035 3598 quam
1048 3521 1164 3602 facies,

406 3600 449 3660 Ut
464 3606 496 3660 te
510 3619 604 3681 saepe
618 3620 742 3682 rogem,
764 3601 878 3681 credo,
897 3602 1105 3685 Diadumene,
1128 3624 1237 3687 saepes

449 3686 631 3764 Consequor
644 3687 720 3767 hoe,
742 3693 777 3749 ut
791 3706 841 3748 me
855 3706 914 3748 nec
928 3689 1054 3770 timeas,
1075 3708 1135 3751 nec
1150 3708 1242 3753 umes.
