3267 4409
511 473 857 544 EPIGRAMMATON
867 476 941 539 LlB.
955 476 1035 543 XIV.

568 676 675 760 XCIV.
701 676 821 739 Calices
836 679 979 742 audacer.

335 776 400 837 Nos
416 794 518 836 sumus
532 773 654 835 audacia
668 774 794 854 plebeia
805 782 978 838 toreumata
989 777 1081 856 vitri,

377 861 492 921 Nostra
505 877 607 938 neque
623 859 746 920 ardenti
761 878 880 938 gemma
894 861 1008 922 feritur
1025 881 1111 942 aqua.
1160 872 1166 877 ”

406 1057 409 1068 ,
525 992 619 1055 XCV.
642 991 756 1054 Phiala
769 1014 869 1056 aurea
882 996 1017 1058 caelata.

335 1094 478 1174 Quamvis
493 1090 628 1154 Callaico
643 1095 769 1153 rubeam
783 1111 934 1171 generosa
948 1091 1092 1170 metallo,

377 1178 505 1240 Glorior
520 1184 587 1237 arte
603 1178 713 1256 magis:
733 1196 804 1237 nam
817 1175 909 1257 Myos
924 1178 985 1239 iate
998 1175 1097 1243 labor.
1190 1190 1193 1194 ’

570 1310 679 1373 xcvi.
705 1310 825 1371 Calices
844 1310 970 1372 Vatinii.

333 1411 418 1475 Vilia
432 1410 546 1471 sutoria
562 1407 690 1468 calicem
704 1410 891 1468 monimenta
906 1409 1012 1471 Vatini
1039 1438 1042 1443 ·

374 1496 509 1576 Accipe;
528 1492 585 1554 aed
599 1512 691 1553 nasus
707 1491 831 1572 longior
845 1491 902 1554 ille
914 1493 984 1555 fuit.
1009 1538 1014 1546 .

512 1627 634 1691 XCVII.
656 1626 782 1690 Mnoea
795 1614 1028 1709 clrryaendetaess

333 1723 471 1788 Grandia
484 1745 524 1786 ne
539 1726 620 1788 viola
634 1746 728 1807 parvo
746 1724 955 1806 chrysendeta
967 1724 1075 1788 mullo.

373 1812 417 1873 Ut
431 1812 603 1890 minimum,
624 1810 720 1872 libros
735 1810 831 1873 debet
844 1812 961 1872 habere
977 1810 1062 1873 duaa.

517 1916 519 1919 Ι
554 1945 690 2007 xcvffl,
719 1928 803 2007 Vara
820 1946 980 2007 Arretina.

329 2043 478 2103 Arretina
491 2043 582 2102 nimis
595 2062 635 2102 ne
650 2061 778 2123 spernas
791 2062 862 2102 vasa
875 2059 1044 2103 monemua.

371 2126 488 2188 Lautus
502 2134 570 2188 erat
584 2128 695 2188 Tuscia
711 2127 852 2188 Porsena
864 2123 1022 2188 fictilibus.

609 2261 716 2323 XCIX.
732 2261 924 2323 Boacauda.

327 2361 464 2421 Barbara
478 2355 518 2418 de
532 2359 626 2439 pictis
639 2362 709 2420 veni
723 2359 876 2421 bascauda
888 2361 1062 2437 Britannia3
1127 2389 1132 2398 ·

371 2442 435 2505 Sed
448 2462 497 2503 me
511 2445 572 2504 iam
585 2444 700 2506 mavolt
715 2445 821 2506 dicere
835 2446 933 2508 Roma
945 2465 1040 2508 auam.

665 2580 863 2643 G.=Ponooa.

326 2677 362 2739 Si
375 2669 438 2738 non
451 2678 557 2756 ignota
572 2682 621 2738 est
635 2676 719 2739 docti
733 2681 792 2740 tibi
805 2686 892 2740 terra
906 2676 1038 2759 Catulli,

368 2762 489 2823 Potasti
503 2768 585 2823 testa
598 2763 726 2824 Raetica
739 2766 810 2824 vina
822 2783 900 2825 mea.

642 2897 690 2957 01.
713 2897 888 2959 Boletaria.

325 2995 405 3056 (inm
417 2993 492 3054 milri
507 2990 604 3055 boleti
620 2993 766 3055 dederint
778 3002 842 3056 tam
854 2992 961 3055 nobile
975 3013 1104 3071 nomeu,

1223 479 1293 585 '331

315 3082 319 3089 ‘
365 3078 554 3139 Prototomia
567 3078 720 3159 —pudet
733 3079 809 3139 hau!
825 3115 866 3126 -
882 3081 984 3141 aervio
998 3075 1150 3143 coliculis.
1229 3120 1232 3129 ι

555 3214 616 3274 011.
641 3212 761 3275 Colicae
773 3211 963 3275 Surrentini.
980 3189 983 3195 Ι

327 3310 446 3390 Accipe
460 3330 523 3372 non
537 3311 591 3373 vili
607 3312 719 3373 calicea
735 3310 917 3393 deapulrere
931 3316 1037 3392 nator,

367 3393 432 3454 Sed
447 3395 650 3458 Surrentinae
664 3397 733 3458 leve
747 3404 889 3458 toreuma
901 3402 999 3462 rotae.

513 3592 515 3597 .
569 3531 644 3596 Clll.
671 3531 780 3594 Colum
796 3533 959 3595 nivarium.

323 3625 465 3706 Setinoa,
484 3647 612 3709 moneo,
632 3639 740 3692 nostra
753 3632 824 3692 nive
840 3632 950 3711 frange
964 3632 1112 3695 trientea:

363 3712 554 3795 Pauperiore
569 3733 656 3777 mero
669 3718 793 3798 tingere
805 3714 871 3778 lina
883 3722 984 3800 poter.
