3267 4409
448 505 452 514 .
573 412 999 520 anunnmmncounm.
1015 459 1036 518 1.
1093 416 1107 461 ²
1283 458 1322 521 nl

363 610 435 672 Non
451 626 531 688 quae
546 606 586 668 de
599 607 697 669 tardis
710 614 872 669 servantur
886 610 998 669 vitibus
1013 629 1088 670 uvae

406 693 559 754 Dulcibus
574 699 626 754 aut
640 699 761 753 certant
776 712 854 772 quae
868 692 1024 753 melimela
1038 694 1130 770 favis,

342 775 435 858 5Nou
449 778 520 857 pira
535 794 614 855 quae
627 775 719 855 longa
732 776 872 856 pendent
886 775 1016 855 religata
1031 784 1158 855 genesta

407 862 473 921 Aut
486 861 605 921 imitata
618 861 730 921 breves
744 861 860 920 Punica
875 880 969 939 grana
983 879 1086 938 rosas,

362 946 493 1007 Rustica
507 943 660 1005 lactantes
674 963 733 1003 nec
746 944 830 1004 misit
846 945 969 1004 Sassina
980 951 1079 1004 metas

406 1029 474 1090 Nec
492 1026 532 1088 de
547 1029 671 1088 Picenis
684 1029 770 1088 venit
784 1029 863 1088 oliva
879 1027 979 1088 cadis:

363 1111 473 1173 Nudus
488 1131 579 1193 aper,
599 1111 657 1172 sed
670 1118 703 1172 et
716 1112 767 1171 hic
782 1113 924 1171 minimus
940 1110 1098 1191 qualisque
1112 1113 1219 1172 necari

324 1208 357 1260 10
407 1198 435 1256 A
453 1215 518 1256 non
532 1201 648 1256 armato
663 1193 832 1275 pumilione
846 1203 967 1276 potest,

352 1281 407 1343 'Et
420 1280 501 1340 nihil
514 1279 588 1340 inde
603 1279 707 1339 datum
721 1285 788 1354 est3
802 1285 921 1340 tantum
935 1281 1137 1359 spectavimus
1153 1299 1268 1343 omnes.

407 1365 532 1424 Ponere
547 1383 655 1444 aprum
668 1365 757 1423 nobis
772 1365 817 1422 sic
833 1370 866 1423 et
880 1366 996 1423 harena
1010 1362 1101 1428 solet.

364 1449 504 1509 Ponatur
520 1449 578 1528 tibi
592 1446 693 1507 nullus
708 1465 782 1527 aper
796 1453 869 1526 post
883 1447 956 1507 talia
973 1448 1071 1527 facta,

409 1531 473 1592 Sed
487 1538 522 1592 tu
535 1532 661 1612 ponaris
676 1533 726 1591 cui
733 1530 943 1596 „Charidemus
960 1519 1057 1613 apros
1172 1598 1182 1605 ,

747 1664 855 1728 XLIV.
919 1734 921 1739 A

367 1777 516 1837 Lascivos
530 1774 673 1858 leporum
688 1795 794 1836 cursus
806 1774 955 1857 lususque
969 1776 1095 1839 leonum

410 1859 502 1937 Quod
517 1862 615 1921 maior
628 1861 718 1920 nobis
733 1863 840 1921 charta
853 1863 1016 1940 minorque
1030 1863 1113 1940 gerit

365 1945 408 2004 Et
422 1944 472 2003 bis
486 1945 570 2005 idem
583 1945 729 2023 facimus,
747 1946 874 2005 nilnium
889 1947 931 2023 si,
954 1944 1069 2024 Stella,
1089 1945 1213 2006 videtur

409 2028 480 2087 Hoc
494 2031 569 2109 tibi,
589 2026 638 2089 bis
650 2027 790 2109 leporem
804 2035 840 2090 tu
857 2048 980 2109 quoque
993 2048 1074 2110 pone
1089 2030 1173 2089 mihi.

757 2161 852 2226 XLV.

364 2276 461 2337 Edita
474 2292 514 2335 ne
527 2273 673 2335 brevibus
687 2253 798 2352 pereat
811 2274 887 2333 mihi
902 2292 974 2333 cura
987 2269 1121 2348 libellis,

408 2361 539 2421 Dicatur
552 2358 657 2438 potius
677 2347 747 2417 Trio
762 2346 794 2418 d’
810 2346 1109 2471 ἀπαμειβόμενος)
1190 2392 1195 2404 κ
1228 2376 1236 2384 ‘

748 2506 856 2569 XLVI.

367 2621 447 2680 Cum
461 2618 540 2678 dicis
553 2618 732 2699 „Propero,
752 2620 802 2679 iac
815 2621 842 2680 si
856 2620 966 2699 facis,“
984 2616 1116 2700 Hedyli,
1135 2613 1263 2696 languet

408 2704 558 2763 Protinus
575 2707 608 2762 et
621 2709 722 2763 cessat
739 2702 901 2765 debilitata
915 2706 1030 2768 Venus.

365 2789 545 2867 Expectare
560 2786 648 2846 iubet
667 2785 803 2847 velocius
817 2790 869 2848 ibo
884 2789 1043 2849 retentus}

407 2868 544 2950 Hedyli,
566 2871 593 2929 si
606 2888 772 2951 properas,
790 2870 840 2931 dic
855 2873 947 2951 mihi,
969 2891 1009 2932 ne
1023 2889 1198 2953 properem.

743 3003 865 3066 XLVII.

367 3116 478 3195 Nuper
493 3121 561 3176 erat
575 3115 727 3193 medicus,
749 3136 831 3176 nunc
846 3123 894 3177 est
907 3115 1031 3197 vispillo
1046 3113 1188 3176 Diaulus:

411 3197 504 3276 Quod
516 3199 639 3282 vispillo
656 3200 748 3292 lacit,
768 3199 889 3260 fecerat
906 3207 939 3261 et
952 3199 1099 3260 medicus.

743 3332 876 3395 XLVIII.

369 3445 511 3505 Rictibus
525 3444 574 3504 hir
588 3449 693 3503 tauros
706 3463 769 3502 non
783 3444 928 3524 eripuere
943 3442 1097 3520 magistri,

410 3529 476 3588 Per
491 3547 566 3606 quos
579 3526 697 3608 praeda
709 3526 800 3604 fugax
813 3529 900 3606 itque
914 3525 1059 3606 reditque
1073 3525 1180 3607 lepus3

372 3610 523 3690 Quodque
540 3612 635 3688 magis
649 3613 775 3688 mirum,
798 3608 937 3671 velocior
951 3610 1015 3670 exit
1030 3611 1066 3671 ab
1081 3612 1172 3671 hoste

414 3695 479 3755 Nec
491 3693 571 3755 nihil
585 3715 602 3754 a
615 3700 701 3755 tanta
715 3693 877 3754 nobilitate
893 3694 1002 3757 refert.
