3267 4409
682 460 809 509 sn‘rtttn
831 461 895 511 111.

292 600 455 669 Testicnli:
479 600 554 663 adeo
576 600 747 661 medicatum
771 600 915 681 intellegit
925 600 1043 677 inguen.

290 687 437 763 Fundite,
459 702 534 765 quae
556 702 620 745 mea
640 694 721 760 snnt,
743 684 876 761 dicebat,
902 695 1021 761 cuncta,
1044 684 1187 765 Catullus,

291 771 496 851 Praecipitare
515 769 619 830 rolens
642 771 726 829 etiam
749 769 959 847 pulcherrima,
979 778 1091 830 vestem

291 858 490 937 Purpuream,
511 854 621 915 teneris
642 869 758 931 qnoque
780 852 997 914 Maecenatibus
1018 864 1126 933 aptam,

292 941 395 1027 Atque
415 938 503 1014 alias,
525 956 642 1018 quarum
665 939 805 1015 generosi
827 941 962 1015 granninis
985 940 1078 1017 ipsum
1250 953 1287 1007 40

292 1025 403 1089 Infecit
424 1032 524 1085 natura
545 1039 652 1101 pecus,
677 1022 729 1081 scd
752 1030 782 1082 et
803 1022 1031 1100 egregius-lons

291 1108 414 1171 Viribus
437 1106 561 1167 occultis
583 1116 613 1165 et
635 1106 769 1166 Baeticus
792 1106 907 1167 adiuvat
924 1125 986 1167 aer.

292 1194 350 1257 ille
373 1210 430 1253 aec
451 1200 599 1269 argentum
623 1189 772 1251 dubitabat
793 1191 923 1267 mittere,
946 1192 1047 1252 lances

292 1276 452 1341 Parthenio
471 1274 580 1351 lactas,
605 1292 692 1334 urnae
716 1282 829 1335 cratera
850 1293 990 1354 capacem

293 1362 331 1423 Et
356 1361 473 1439 dignam
495 1360 608 1419 sitiente
631 1358 722 1419 Pholo
745 1358 793 1418 vel
816 1360 941 1437 coniuge
963 1359 1066 1435 Fusci,
1251 1372 1284 1426 45

293 1444 383 1507 Adde
404 1453 433 1504 et
455 1443 617 1503 bascaudas
638 1452 667 1502 ct
688 1442 766 1501 millc
787 1445 917 1519 escaria,
940 1444 1070 1509 multum.

293 1528 427 1603 Gaelati,
451 1526 565 1587 biberat
584 1544 641 1605 qno
665 1526 786 1587 callidus
808 1537 923 1605 emptor
944 1526 1095 1603 Olynthi...

292 1612 357 1677 Sed
380 1612 446 1691 quis
467 1629 541 1671 nnnc
564 1612 652 1687 alins,
675 1629 730 1689 qun
754 1611 849 1670 mundi
872 1622 955 1691 parte
977 1615 1040 1690 qnia
1060 1614 1147 1675 audet

292 1700 430 1775 Argenta
449 1696 599 1775 praeierre
623 1704 709 1775 capnt
731 1694 879 1773 rebusque
902 1694 1047 1757 salutem?

293 1782 376 1865 [Non
389 1789 511 1860 propter
528 1781 614 1839 vitam
634 1780 740 1839 lacinnt
764 1781 933 1857 patrimonia
955 1782 1081 1859 qnidam,
1253 1796 1288 1847 50

292 1865 358 1929 Sed
381 1864 452 1925 vitio
475 1864 557 1924 caeci
579 1873 699 1943 propter
722 1864 892 1941 patrimonia
912 1866 1038 1943 vivunt]

290 1950 424 2014 lactatur
443 1966 538 2009 rerum
560 1948 667 2007 utilium
689 1965 757 2027 pars
779 1950 917 2024 maxima,
938 1949 992 2008 sed
1014 1967 1071 2009 nec

290 2034 408 2097 Damae
428 2032 538 2099 lenanu
562 2041 629 2092 tunc
651 2031 784 2093 adversis
804 2030 974 2109 urgentibus
995 2032 1067 2094 illuc

292 2117 449 2193 Reccidit,
470 2125 500 2176 ut
522 2116 625 2176 malum
648 2115 727 2175 ierro
750 2119 955 2193 summitteret,
979 2134 1014 2176 ac
1036 2136 1070 2177 sc

290 2202 436 2282 Explicat
457 2210 622 2277 angustum:
646 2200 816 2261 discriminis
837 2201 948 2276 ultima,
972 2202 1086 2278 quando
1252 2214 1284 2265 55

290 2285 447 2348 Praesidia
467 2284 612 2345 alicrimus
633 2303 735 2345 navem
757 2285 867 2345 lactura
891 2287 1039 2345 minorem.

291 2372 304 2435 t
328 2388 408 2431 nnnc
430 2366 574 2429 attentis
597 2370 717 2429 animam
740 2371 902 2444 committe,
926 2369 1024 2430 dolato

292 2454 434 2517 Confisus
454 2453 551 2531 ligno,
575 2452 671 2530 digitis
694 2472 710 2514 a
731 2462 825 2513 mortc
845 2462 974 2514 remotus

293 2540 442 2615 Quattuor
463 2546 510 2597 aut
532 2547 660 2616 septem,
683 2538 708 2596 si
731 2539 767 2597 sit
789 2536 927 2599 latissima
945 2537 1048 2613 taeda3

293 2624 367 2685 llox
388 2618 452 2683 cum
470 2621 601 2683 reticulis
620 2630 650 2682 et
668 2640 743 2700 pane
766 2630 796 2683 et
817 2631 921 2683 ventre
943 2623 1068 2700 lagonae
1254 2634 1288 2690 60

292 2708 410 2787 Aspice
432 2706 585 2767 sumendas
607 2707 635 2765 in
656 2714 1006 2785 tempestatenecnres.¹

293 2790 358 2855 Sed
381 2800 535 2870 postquam
554 2791 640 2851 iacuit
660 2791 775 2869 planum
796 2808 893 2866 mare,
914 2800 1047 2870 tempora
1065 2799 1218 2871 postquam

292 2876 445 2955 Prospera
466 2876 594 2936 rectoris
617 2875 762 2954 latumque
782 2875 927 2936 valentius
949 2891 1020 2935 euro
1197 2878 1201 2885 '

291 2960 334 3022 Et
354 2958 481 3039 pelago,
504 2968 656 3039 postquam
677 2959 786 3020 Parcae
807 2961 929 3021 meliora
950 2958 1075 3037 benigna

292 3044 391 3107 Pensa
411 3062 496 3104 mann
517 3044 623 3105 ducunt
644 3043 753 3105 hilares
775 3054 805 3105 et
823 3045 952 3105 staminis
973 3043 1033 3105 albi
1252 3051 1286 3106 65

291 3128 456 3204 Lanificae,
478 3128 591 3190 modica
610 3146 665 3188 nec
687 3129 802 3188 mnltnm
823 3129 928 3190 fortior
945 3147 1014 3190 aura
1108 3178 1114 3191 .

291 3214 409 3275 Ventus
430 3213 528 3273 adest:
548 3214 627 3292 inopi
647 3212 821 3273 miserabilis
843 3223 905 3275 arte
928 3215 1054 3275 cucnirit

291 3296 435 3360 Vestibus
458 3298 587 3357 extensis
610 3304 657 3373 et,
681 3296 759 3377 qnod
777 3306 969 3376 superaverat
989 3317 1085 3376 unum,
1182 3290 1187 3299 ’

291 3380 373 3443 Velo
397 3398 483 3461 prora
506 3400 568 3441 suno.
611 3380 671 3442 lam
689 3382 891 3442 deficientibus
912 3383 1016 3442 austris

292 3468 373 3547 Spes
396 3466 472 3526 ritae
495 3484 559 3527 cnm
582 3466 646 3527 sole
666 3467 755 3539 redit;
778 3475 847 3527 tunc
867 3475 968 3542 gratus
989 3466 1052 3527 Iulo

291 3551 394 3631 Atque
415 3552 565 3611 novercali
588 3551 677 3611 sedes
700 3550 830 3629 praelata
851 3549 959 3609 barino

292 3632 483 3712 Conspicitur
504 3635 634 3695 sublimis
656 3654 751 3710 apex,
771 3636 817 3695 cni
838 3633 958 3694 candida
980 3647 1088 3694 nomen

291 3716 402 3783 Scrofa
423 3718 518 3798 dedit,
541 3720 627 3782 laetis
648 3719 810 3797 Phrygibus
832 3717 964 3781 mirabile
987 3736 1101 3797 sumen,

333 3823 394 3867 rur.
417 3823 479 3865 sar.
1062 3813 1080 3870 6
