3267 4409
731 482 812 545 24
979 502 988 515 ·
1373 496 1444 543 D.
1487 494 1632 543 mn.
1678 491 2050 543 mvmums

731 637 878 698 Tota
920 634 1222 696 salutatrix
1264 633 1374 695 iam
1417 633 1583 715 turba
1623 636 1924 713 peregerit
1968 630 2199 692 orbem·
2230 626 2259 665 '·
2316 628 2325 633 “
2495 650 2541 663 ··

730 718 1027 782 Sideribus
1073 717 1258 779 dubiis
1306 718 1546 778 aut-illo
1591 727 1889 797 tempore,
1938 732 2061 795 quo·
2098 712 2165 775 s'e
2396 712 2405 719 ’

728 802 962 881 Frigida
1004 803 1400 878 circumagunt
1441 803 1593 880 pigri
1642 812 1878 864 s'erraca
1922 794 2239 861 Bootae.'-··

729 887 930 961 Qualis
977 903 1161 945 coena
1204 882 1436 945 tamen?
1469 887 1692 961 vinum,
1749 884 1906 965 quod
1948 880 2201 945 succida·
2228 883 2407 949 nolit·
2680 932 2689 939 .

726 971 879 1031 Lana
918 970 1037 1048 pati
1052 991 1066 1038 ;
1114 969 1186 1030 de
1229 971 1470 1030 conviva
1507 967 1840 1045 Corybanta
1882 966 2131 1029 videbis.
2638 972 2707 1037 ω

726 1054 919 1131 Iurgia
960 1052 1296 1131 proludunt;
1321 1052 1452 1113 sed
1495 1069 1630 1112 mox
1675 1061 1735 1113 et
1778 1051 1995 1132 pocula
2036 1059 2279 1130 torques
2322 1076 2327 1083 ·
2388 1094 2395 1101 -
2448 1080 2471 1099 ·-

728 1138 971 1199 Saucius
1021 1146 1080 1196 et
1120 1135 1293 1196 rubra
1334 1136 1607 1214 deterges
1652 1136 1893 1197 vulnera
1934 1151 2163 1213 mappa,
2220 1180 2227 1203 2
2358 1178 2363 1183 -

725 1222 884 1283 Inter
924 1238 1033 1280 vos
1077 1222 1306 1299 quoties
1349 1220 1801 1298 libertorumque
1846 1217 2148 1281 cohortem
2264 1218 2269 1223 '

726 1305 921 1383 Pugna
965 1305 1278 1381 Saguntina
1317 1305 1512 1367 fervet
1555 1305 1862 1365 commissa
1904 1302 2133 1381 lagona.
2500 1360 2508 1375 ἵ

725 1389 863 1467 Ipse
908 1387 1180 1466 capillato
1229 1388 1491 1449 diffusum
1536 1388 1777 1449 consule
1820 1396 1987 1466 potat
2050 1426 2057 1433 -
2636 1386 2709 1455 3'0

729 1471 1140 1550 Calcatamque
1185 1480 1346 1532 tenet
1387 1471 1562 1532 bellis
1605 1471 1920 1531 socialibus
1964 1468 2155 1545 uvam,
2598 1490 2604 1495 ·
2688 1472 2693 1477 '

727 1554 1009 1618 Cardiaco
1055 1573 1357 1634 numquam
1401 1555 1669 1631 cyathum
1711 1556 1990 1615 missurus
2032 1555 2253 1639 amicoz
2324 1594 2335 1606 -

728 1638 872 1699 Cras
917 1637 1078 1698 bibet
1121 1638 1360 1699 Albanis
1403 1639 1620 1719 aliquid
1662 1639 1737 1700 de
1766 1636 2067 1700 ‘montibus
2116 1646 2213 1699 aut
2242 1634 2371 1699 :d'ez
2470 1684 2477 1691 .

726 1723 976 1798 Setinis,
1026 1723 1184 1781 cuius
1228 1724 1468 1801 patriam
1508 1724 1847 1801 titulumque
1890 1730 2162 1783 senectus

611 1858 622 1866 .
724 1807 960 1868 Delevit
998 1804 1174 1865 multa
1218 1808 1435 1866 veteris
1480 1806 1721 1884 fuligine
1767 1816 1976 1883 testae,
2194 1850 2199 1855 -
2636 1820 2703 1877 35

726 1890 912 1965 Quale
960 1891 1218 1950 coronati
1263 1888 1519 1951 Thrasea
1562 1890 1980 1969 Helvidiusque
2023 1887 2301 1949 bibebant

720 1974 1022 2035 Brutorum
1067 1981 1125 2035 et
1169 1971 1335 2035 Cassi
1379 1974 1682 2035 natalibus.
1770 1974 1908 2053 Ipse
1953 1990 2205 2051 capaces

720 2058 1019 2119 Heliadum
1065 2067 1288 2119 crustas
1332 2067 1390 2118 et
1429 2059 1766 2138 inaequales
1810 2057 2043 2133 beryllo
2380 2114 2387 2121 .

720 2142 893 2203 Virro
934 2152 1094 2203 tenet
1135 2142 1388 2220 phialas:
1440 2142 1540 2203 tibi
1582 2160 1698 2202 non
1746 2142 2113 2202 committitur
2154 2158 2387 2211 aurum;
2678 2216 2685 2221 ,

719 2226 865 2302 Vel,
910 2227 960 2285 si
1012 2227 1238 2304 quando
1279 2226 1473 2305 datur,
1521 2235 1720 2286 custos
1762 2226 1971 2286 affixus
2008 2224 2242 2299 ibidem,
2628 2240 2699 2295 40

722 2308 833 2383 Qui
871 2318 1131 2369 numeret
1175 2328 1465 2387 gemmas,
1513 2328 1739 2389 ungues
1784 2310 2064 2375 observet
2105 2317 2328 2387 acutos.

719 2393 808 2453 Da
851 2394 1109 2461 veniam:
1157 2394 1460 2470 praeclara
1503 2394 1587 2454 illi
1631 2394 1895 2456 laudatur
1936 2394 2171 2473 iaspis.-

717 2475 862 2535 Nam
910 2475 1118 2551 Virrn,
1164 2485 1224 2535 ut
1265 2476 1458 2552 multi,
1502 2494 1759 2553 gemmas
1803 2479 1874 2539 ad
1916 2476 2130 2556 pocula
2164 2476 2453 2539 transfert

719 2558 773 2615 A
817 2557 1041 2633 digitis,
1090 2575 1231 2635 quas
1276 2560 1333 2617 in
1375 2561 1617 2634 vaginae
1664 2562 1855 2622 fronte
1900 2560 2132 2624 solebat
2408 2558 2415 2563 ’
2480 2626 2487 2633 ,

718 2640 945 2699 Ponere
989 2640 1266 2719 zelotypo
1309 2642 1532 2702 iuvenis
1579 2646 1874 2722 praelatus
1912 2642 2153 2709 Iarbae:
2316 2698 2333 2711 .
2480 2652 2489 2663 “
2626 2656 2693 2725 45

719 2722 805 2781 Tu
847 2722 1238 2783 Beneventani
1282 2727 1493 2786 sutoris
1538 2744 1745 2790 nomen
1786 2728 2123 2810 babentem2
2179 2776 2186 2777 κ
2281 2762 2374 2782 νὴ*

717 2805 980 2874 Siccabis
1030 2808 1269 2869 calicem
1313 2827 1577 2873 nasutum
1625 2822 1893 2890 quattuor
1941 2830 2020 2874 ae
2054 2814 2178 2874 ium
2345 2816 2384 2845 ''

716 2890 1063 2963 Quassatam
1109 2900 1166 2952 et
1209 2902 1378 2973 rupto
1425 2906 1765 2974 poscentem
1813 2890 2263 2976 nulfum-rw·
2310 2867 2439 2932 *Νι

714 2974 777 3033 Si
823 2974 1405 3038 stomachus-domini
1449 2978 1641 3042 fervet
1677 2970 1933 3062 *vinaque
1981 2978 2271 3066 e=ilmqfit÷2
2302 2977 2338 3014 ''
2387 2980 2391 2994 '
2506 3016 2513 3024 ·

711 3056 1000 3135 Frigidior
1044 3057 1258 3121 Geticis
1305 3064 1521 3142 petitur
1565 3064 1809 3126 desueta
1853 3059 2169 3146 minist-⁶
2200 3058 2247 3141 ,’
2298 3059 2303 3078 '
2443 3076 2446 3090 '

709 3140 841 3201 Non
880 3143 1083 3204 eadem
1126 3145 1293 3205 vobis
1337 3150 1474 3225 puni
1517 3150 1689 3210 mutin
1733 3150 1869 3210 vinu·
1897 3144 2206 3220 **Ξ-ῑνῑξῐῤ

711 3225 832 3285 Vos
882 3227 1050 3287 aliam
1086 3232 1298 3306 potatis
1349 3248 1581 3310 aquam,
1625 3304 1629 3308 .
1661 3230 1793 3294 Tibi
1831 3226 2265 3317 2

711 3306 984 3370 Gaetulus
1031 3311 1187 3373 dabit
1230 3322 1326 3373 aut
1368 3318 1765 3390 nigrinianus
1802 3310 2053 3390 ῦὲεὲξῒ.

707 3390 783 3451 Et
829 3395 921 3453 cui
965 3414 1075 3474 per
1114 3397 1380 3459 mediam.
1405 3398 1557 3458 nulls
1605 3394 1861 3480 occurre:
1895 3394 1943 3460 ¹:
1977 3426 2138 3466 2

710 3472 983 3539 Clivosae
1027 3478 1262 3540 veheris
1305 3481 1437 3543 dum
1481 3491 1590 3562 per
1629 3473 2001 3557 manimius-,a

706 3556 848 3617 Flos
894 3559 1076 3623 Asiae
1118 3574 1249 3624 ante
1286 3566 1505 3643 ipsum,
1549 3562 1738 3646 pretio
1786 3557 1988 3639 3·ᾋῄ
2086 3594 2088 3597 ’

709 3638 889 3717 Qqam
932 3643 1037 3705 fuit
1081 3655 1158 3706 et·
1185 3646 1337 3709 Tulli
1383 3653 1597 3717 'census
1657 3678 1797 3708 ι
1833 3657 1990 3724 ,*Ξὶ
2027 3678 2032 3704 ’-

707 3720 811 3804 Et,
857 3745 930 3787 ne
973 3736 1033 3788 te
1083 3738 1342 3811 teneam,
1384 3726 1973 3810 umnuoffl'„
