3267 4409
539 468 880 532 EPIGRAMMATON
893 471 967 535 LlB.
983 473 1021 536 V.
1240 472 1304 537 113

731 673 837 735 xxffl.

341 785 521 846 Herbarum
536 783 641 844 fueras
655 784 794 864 indutus,
814 787 926 864 Basse,
949 784 1089 867 colores,

382 870 456 930 lura
469 862 634 929 theatralis
648 867 720 929 dum
735 869 852 930 siluere
867 870 938 931 loci.

342 954 429 1032 Quae
445 961 608 1034 postquam
621 951 736 1032 placidi
750 956 888 1015 censoris
900 976 974 1017 cura
988 958 1110 1017 renasci

382 1039 483 1099 Iussit
493 1038 696 1097 et.0ceanum
712 1041 829 1098 certior
844 1040 930 1101 audit
944 1057 1057 1118 eques,

323 1121 412 1183 5Non
428 1118 490 1182 nisi
504 1119 556 1181 vel
572 1141 663 1182 cocco
681 1120 802 1182 madida
815 1122 866 1183 vel
881 1126 997 1184 murice
1011 1126 1110 1185 tincta

382 1205 484 1269 Veste
499 1208 583 1265 nites
600 1212 632 1266 et
646 1212 679 1265 te
694 1209 739 1266 sic
753 1206 829 1267 'dare
843 1201 938 1267 verb'a
952 1215 1050 1288 putas.

345 1289 650 1368 Quadringentorum
663 1290 768 1351 nullae
784 1298 871 1368 sunt,
894 1293 1004 1371 Basse,
1026 1292 1190 1372 lacernae,

371 1376 446 1435 ,Aut
460 1393 549 1434 meus
564 1381 635 1434 ante
652 1394 757 1436 omnes
772 1376 894 1436 Cordus
907 1377 1038 1438 haberet
1053 1396 1173 1458 equum.

724 1510 833 1573 XXIV.

332 1624 475 1684 Hermes
488 1620 605 1682 Martia
619 1619 735 1682 saeculi
749 1622 904 1703 voluptas,

345 1708 475 1769 Hermes
491 1707 632 1766 omnibus
647 1706 786 1766 eruditur
802 1709 910 1786 armis,

345 1792 476 1852 Hermes
493 1787 526 1851 et
540 1789 690 1868 gladiator
705 1797 738 1850 et
751 1793 914 1870 magister,

347 1876 475 1937 Hermes
489 1876 583 1936 turba
596 1875 643 1935 rui
657 1881 837 1954 tremorque
850 1875 934 1953 ludi,

331 1959 494 2039 fflermes,
518 1978 609 2039 quem
626 1961 717 2020 timet
731 1958 856 2038 Helius,
880 1958 936 2019 sed
949 1979 1057 2039 unum,

348 2044 492 2124 Hermes,
515 2045 565 2103 cui
581 2042 663 2104 cadit
676 2044 847 2122 Advolans,
870 2044 926 2103 sed
941 2048 1010 2122 uni,

349 2128 474 2210 Hermes
488 2129 615 2189 vincere
628 2147 686 2188 nec
700 2129 798 2188 ferire
814 2127 939 2206 doctus,

350 2211 475 2273 Hermes
490 2212 710 2292 suppositicim
725 2214 784 2273 sibi
799 2214 886 2293 ipse,

352 2295 473 2357 Hermes
490 2296 615 2357 divitiae
628 2294 831 2375 locariorum,

303 2426 305 2435 .
326 2379 473 2442 ltiiermes
489 2401 562 2442 cura
574 2379 726 2460 laborque
740 2381 911 2458 indiarum,
970 2374 973 2395 '

303 2458 304 2489 ¹
355 2463 474 2526 Hermes
490 2464 645 2544 belligera
660 2467 810 2546 superbus
825 2466 930 2544 hasta,
1016 2468 1019 2475 '

356 2545 474 2610 Hermes
489 2568 644 2629 aequoreo
660 2551 760 2610 minax
774 2548 928 2628 tridente,

357 2630 473 2695 Hermes
490 2633 609 2695 casside
624 2633 769 2712 languida
783 2633 954 2712 timendus,

358 2714 475 2778 Hermes
490 2717 591 2864 Ἕιίιι
603 2716 714 2778 Martis
733 2720 883 2797 universi,

334 2798 471 2863 ltiiermes
486 2823 504 2864 o
537 2804 588 2863 nia
601 2801 683 2862 solos
698 2808 731 2864 et
745 2809 795 2863 ter
809 2823 897 2867 unus.

732 2945 829 3008 XXV.

363 3054 596 3138 „Quadringenta
610 3059 669 3119 tibi
682 3079 745 3119 non
759 3066 848 3139 sunt,
871 3061 1107 3122 Chaerestrate:
1129 3077 1237 3138 surge,

352 3150 354 3159 ·
390 3138 489 3203 licitos
503 3162 579 3204 ecce
592 3145 692 3204 venit:
714 3146 759 3204 st!
781 3146 871 3225 fuge,
894 3164 1002 3224 curre,
1023 3142 1121 3206 late.“

362 3216 470 3304 ioquin,
492 3228 540 3306 io,
560 3234 686 3288 revocat
702 3228 977 3308 discedentemque
992 3228 1137 3289 reducit?

391 3306 512 3390 Ecquis,
534 3313 584 3391 io,
605 3309 708 3390 largas
725 3313 834 3394 pandit
849 3315 962 3374 amicus
979 3313 1077 3393 opes?

350 3383 436 3462 ⁵Quem
450 3398 567 3457 chartis
587 3397 748 3476 famaeque
769 3396 875 3458 damus
889 3396 1074 3479 populisque
1086 3395 1298 3477 loquendum?

394 3476 459 3553 Quis
474 3481 601 3560 Stygios
616 3501 679 3540 non
692 3481 759 3541 volt
774 3488 859 3542 totus
876 3483 962 3542 adiro
978 3480 1086 3541 lacus?

364 3549 426 3639 Hoc,
446 3585 537 3645 rogo,
560 3585 623 3625 non
638 3565 765 3644 melius,
788 3586 877 3645 quam
893 3568 987 3626 rubro
1000 3565 1120 3649 pulpita
1137 3566 1240 3627 nimbo

356 3682 358 3687 ,
393 3641 536 3728 Spargere
553 3654 586 3710 et
601 3651 700 3710 effuso
715 3650 927 3731 permaduisse
944 3652 1059 3711 croco?

366 3718 439 3795 Quum
451 3753 513 3796 non
528 3753 657 3795 sensuro
672 3733 745 3797 dare
761 3733 986 3815 quadringenta
1000 3732 1135 3814 caballo,

367 3800 580 3910 ditm,s
1079 3818 1104 3885 8
