3267 4409
327 466 368 529 26

648 467 693 529 Μ.
707 466 799 530 vol..
817 466 1046 529 MARTIALIS

413 615 557 679 Gaudent
569 618 691 677 iocosae
707 617 802 677 Canio
818 637 872 678 suo
889 617 1010 698 Gades,

370 712 404 763 10
453 701 592 761 Emerita
605 701 741 761 Deciano
755 719 843 760 meo:

412 785 477 862 Te,
498 784 673 863 LicIniane‚
693 784 875 863 gloriabitur
889 791 1010 864 nostra3

451 869 517 929 Nec
531 886 579 928 me
592 869 709 930 tacebit
724 864 857 929 Bilbilis.

801 999 894 1062 LXII.
970 992 975 1001 ’

411 1116 504 1177 (lusto
519 1133 578 1175 nec
592 1114 724 1193 antiquis
740 1111 854 1174 cedens
868 1112 1001 1173 Laevina
1015 1112 1138 1178 Sabinis

451 1198 641 1278 Et'qnamvis
655 1198 768 1257 tetrico
781 1197 901 1256 tristior
915 1197 982 1277 ipsu
996 1198 1062 1258 viro

410 1284 489 1343 Dum
503 1280 593 1341 modo
608 1281 760 1358 Lucrino,
781 1278 873 1339 modo
889 1297 923 1339 se
938 1282 1094 1360 permittit
1103 1285 1251 1366 ‘Averno,

440 1367 493 1425 'Et'
507 1364 578 1424 dum
592 1365 714 1425 Baianis
729 1381 823 1443 saepe
837 1363 961 1424 fovetur
975 1366 1080 1444 aquis,

390 1448 525 1511 olnoidit
538 1450 571 1508 in
584 1450 719 1509 flammas
735 1449 939 1526 iuvenemque
953 1455 1060 1509 secuto
1077 1449 1192 1514 relicto

452 1533 590 1612 Coniuge
604 1530 763 1612 Penelope
779 1531 881 1609 venit,
903 1529 968 1592 abit
980 1531 1118 1599 Helene.

789 1664 895 1725 LXIII.

409 1778 451 1839 Ut
467 1778 595 1837 recitem
609 1777 668 1837 tibi
681 1781 787 1835 nostra
800 1792 890 1853 rogus
905 1775 1133 1855 epIgrammato.
1167 1776 1254 1843 Nolo.

450 1860 519 1920 Non
533 1859 658 1940 audire,
680 1858 792 1936 Celer,
815 1856 872 1918 sed
885 1859 1021 1920 recitare
1036 1863 1133 1942 cupis.

792 1990 901 2056 LXIV.
961 1988 966 1995 ’

408 2103 495 2166 Bella
508 2123 558 2184 es,
580 2107 734 2183 novimus,
756 2109 789 2164 et
805 2100 929 2184 puella,
947 2121 1054 2167 verum
1069 2114 1138 2188 ert,

407 2189 450 2249 Et
462 2188 562 2266 dives,
581 2191 649 2270 quis
665 2190 747 2250 enim
760 2192 866 2269 potest
879 2188 1019 2265 negare?

408 2270 473 2331 Sed
488 2292 556 2333 cum
571 2279 604 2334 te
618 2274 759 2349 nimium,
780 2269 925 2348 Fabulla,
945 2268 1072 2351 laudas,

407 2355 473 2415 Nec
491 2354 692 2437 diverseque
707 2355 790 2417 bellu
805 2372 864 2415 nec
878 2354 984 2436 puella
998 2375 1042 2417 es.

799 2489 896 2554 LXV.

285 2644 289 2649 -
366 2599 442 2661 Cum
456 2598 519 2661 dixi
533 2602 626 2678 licus,
647 2599 733 2661 rides
751 2603 835 2675 quasi
849 2603 981 2663 barbaro
993 2604 1090 2684 verbe

406 2684 448 2745 lit
462 2674 524 2745 dici
538 2686 631 2763 ileos,
654 2684 847 2764 caeciliane,
868 2686 966 2747 iubes.
1075 2764 1079 2771 ι

364 2766 507 2828 Dicemus
523 2768 616 2847 licus,
639 2788 714 2848 quas
728 2771 841 2829 scimus
855 2770 888 2829 In
902 2771 1014 2831 arbore
1027 2770 1128 2850 nasci,

405 2852 547 2913 Dicemus
560 2853 654 2932 ficos,
675 2851 868 2931 caeciliane,
888 2857 967 2916 tuos.

783 2997 893 3061 LXVI.

404 3109 499 3170 Erras
512 3127 651 3171 meorum
665 3111 715 3170 fur
730 3131 820 3172 ovare
833 3110 1003 3190 librorum,

403 3191 496 3252 Fieri
504 3199 628 3274 poetam
641 3213 733 3275 posse
749 3195 802 3275 qui
815 3201 906 3275 putus
919 3202 1029 3274 tanto,
1079 3206 1082 3211 ‘

405 3276 566 3357 Scriptura
582 3279 689 3357 quanti
704 3284 825 3338 constat
842 3285 875 3339 et
889 3286 990 3340 tomus
1005 3279 1088 3345 vilis.

403 3359 473 3419 Non
487 3379 541 3420 sex
555 3366 681 3442 paratur
695 3367 747 3422 aut
763 3361 871 3424 decem
886 3365 1001 3443 sophos
1016 3365 1165 3427 nummis:

382 3443 535 3506 osecreta
549 3463 664 3524 quaere
678 3447 814 3506 carmina
829 3453 862 3507 et
876 3446 970 3508 rudes
986 3466 1075 3509 curas

404 3529 485 3603 Quas
500 3530 586 3588 novit
599 3548 676 3589 unus
691 3531 872 3610 scrinioque
887 3532 1022 3610 signatus

305 3640 307 3645 ·
404 3610 549 3672 GostodIt
562 3614 631 3693 ipsc
648 3614 777 3692 virginis
791 3621 883 3694 pater
897 3616 1043 3694 chartae,

404 3695 488 3771 Quae
502 3696 576 3756 trita
592 3695 669 3758 duro
684 3716 746 3757 non
763 3699 920 3761 inhorruit
934 3704 1049 3764 mento.
