3267 4409
469 338 471 350 Ι
1218 332 1231 354 ,Ι

323 539 365 605 42
640 540 1035 604 autumaremus
1114 526 1124 533 ’

408 694 536 774 Spectas
553 692 812 772 aschatocollion,
834 695 965 774 Severe,

339 819 344 828 .
405 779 448 840 Et
464 777 571 856 longas
587 778 686 837 trahis
703 778 911 840 oscitationes.
936 781 941 787 “

385 863 495 924 5Haec
512 866 599 939 suut,
622 880 699 941 quae
716 860 879 938 relegente
897 880 946 922 me
963 859 1083 922 solebas

405 947 504 1025 Rapta
523 946 702 1023 excribere,
721 945 777 1005 sed
797 944 980 1007 Vitellianis.

406 1030 492 1090 Haec
509 1034 595 1105 sunt,
618 1029 738 1107 singula
753 1047 831 1108 quae
848 1031 917 1089 sinu
933 1030 1056 1089 ferebas

406 1115 469 1173 Per
485 1114 621 1173 convivia
638 1119 764 1192 cuncta,
785 1131 843 1193 per
861 1114 999 1193 theatra,

405 1198 491 1256 Haec
509 1203 580 1256 suut
595 1202 646 1257 aut
661 1197 789 1257 meliora
805 1198 832 1256 si
851 1217 910 1276 qua
929 1197 1039 1256 neseis.

364 1292 399 1344 10
407 1279 488 1356 Quid
504 1278 633 1360 prodeat
649 1282 723 1341 mihi
742 1287 802 1341 tam
819 1298 922 1340 macer
939 1279 1082 1359 libellus,

405 1363 499 1425 Nullo
517 1359 649 1423 crassior
665 1371 700 1424 ut
718 1366 759 1424 sit
776 1364 938 1443 umbilico,

407 1449 439 1507 Si
455 1453 540 1508 totus
555 1449 613 1507 tibi
630 1448 732 1508 triduo
749 1446 893 1526 legatur?

405 1532 565 1609 Nunquam
583 1529 714 1592 deliciae
733 1533 917 1611 supiniores.

290 1624 293 1633 ’
405 1615 517 1695 Lassus
534 1620 602 1674 tam·
614 1617 675 1676 cito
694 1615 800 1682 deiicis
817 1617 933 1693 viator,

364 1698 445 1760 ram
463 1717 530 1758 curn
547 1717 674 1759 currere
691 1698 804 1759 debeas
822 1696 973 1778 Bovillas,
1022 1770 1026 1777 .

404 1783 618 1859 Interiungere
635 1781 816 1863 quaerisad
836 1783 1007 1843 Camenas?

405 1866 419 1925 1
435 1885 532 1942 nuuc,
556 1865 652 1928 edere
668 1885 717 1926 me
734 1867 806 1926 iubc
823 1864 957 1928 libellos.

809 1990 874 2054 VH.

404 2091 564 2153 Declamas
581 2089 808 2166 belle,'causas
825 2089 905 2167 agis,
927 2088 1050 2167 Attice,
1071 2087 1172 2168 belle,

447 2178 601 2237 Historias
619 2173 733 2251 bellas,
755 2174 889 2233 carmina
904 2170 988 2232 bella
1005 2173 1098 2250 facis,

406 2260 572 2341 Componis
585 2258 671 2320 belle
688 2259 812 2335 mimos,
835 2258 1053 2337 epigrammata
1069 2255 1169 2334 helle,

447 2342 554 2404 Bellus
572 2343 800 2421 grammaticus,
820 2339 923 2401 hellus
941 2359 974 2400 es
992 2339 1182 2419 astrologus,

386 2427 451 2487 snt
466 2425 550 2487 helle
569 2432 672 2486 cautas
693 2432 725 2484 et
742 2422 853 2502 saltas,
872 2424 993 2502 Attice,
1014 2424 1114 2504 belle,

447 2510 551 2570 Bellus
569 2528 603 2569 es
623 2517 689 2568 arte
706 2507 810 2587 lyrae,
833 2507 934 2567 bellus
952 2526 986 2567 es
1004 2514 1070 2567 arte
1085 2508 1176 2588 pilae.
1266 2566 1268 2570 .

406 2593 458 2653 Nil
474 2595 554 2653 bene
576 2613 642 2652 cum
657 2593 767 2668 facias,
789 2592 884 2651 facias
901 2598 1003 2651 tamen
1021 2595 1122 2652 omnia
1139 2591 1243 2671 helle,

449 2679 505 2740 Vis
525 2676 621 2737 dicam
635 2675 709 2756 quid
725 2675 792 2735 sis?
812 2693 938 2754 maguus
952 2693 985 2736 es
1003 2674 1130 2740 ardalio.

804 2806 882 2871 VIII.

406 2903 513 2982 Siqua
529 2903 714 2966 videbuntur
733 2906 848 2965 chartis
860 2905 938 3046 pibi,
958 2903 1075 2984 lector,
1095 2905 1128 2963 iu
1145 2905 1214 2965 istis

449 2988 519 3049 Sive
538 2991 668 3050 obseura
684 2989 775 3050 nimis
792 2990 856 3049 sive
888 2990 970 3047 atina
986 3008 1109 3068 parum,

405 3071 475 3131 Nou
493 3091 578 3132 meus
594 3078 642 3132 est
661 3092 765 3132 error:
786 3074 892 3132 nocuit
910 3072 1054 3136 librarius
1071 3071 1135 3132 illis

358 3166 371 3182 ‘
446 3156 525 3216 Dum
542 3162 690 3237 properat
706 3175 813 3216 versus
832 3174 1033 3216 annumerare
1050 3157 1116 3216 tibi.

384 3239 498 3316 oQuod
514 3243 541 3301 si
558 3260 621 3301 uon
637 3239 739 3319 illum,
760 3238 817 3299 sed
834 3258 883 3299 me
901 3257 1046 3319 peccasse
1067 3241 1206 3320 putabis,

448 3323 537 3384 Tunc
555 3343 612 3402 ego
628 3330 662 3384 te
681 3324 804 3385 credam
823 3321 925 3382 cordis
940 3323 1056 3384 habere
1073 3321 1162 3384 nihil.

406 3405 489 3483 „Ista
504 3413 607 3468 tamen
623 3406 703 3469 mala
719 3407 824 3470 suut.“
852 3405 945 3482 Quasi
955 3426 1012 3467 nos
1023 3407 1186 3467 manifesta
1196 3426 1322 3487 negemu

447 3490 533 3551 Haec
551 3491 629 3551 mala
646 3499 735 3572 sunt,
755 3489 811 3550 sed
829 3496 863 3549 tu
879 3509 943 3550 non
960 3490 1089 3551 meliora
1104 3491 1181 3550 facis

810 3599 862 3663 IX.

407 3698 539 3778 Scripsi,
555 3700 718 3780 rescripsit
733 3699 778 3761 nil
794 3701 923 3779 Naevia,
945 3719 1007 3760 nou
1026 3699 1111 3761 dabit
1130 3719 1215 3780 ergo.
1287 3684 1290 3699 ¹

448 3782 512 3844 Sed
525 3789 600 3864 puto
619 3784 701 3864 quod
718 3786 829 3867 scripsi
845 3784 981 3865 legeratr
1003 3803 1077 3864 ergo
1090 3784 1183 3848 dabit.
1249 3840 1253 3845 .
