3267 4409
605 1055 652 1130 Μ.
676 1053 777 1126 VAL.
799 1051 1054 1130 MARTIALIS

520 1173 1138 1322 urrairnnrror
1262 1188 1276 1203 ’

720 1405 945 1471 LIBERVI.

817 1595 839 1653 1.

402 1712 512 1773 Sextus
525 1712 657 1770 mittitur
671 1710 722 1769 hio
739 1710 797 1769 tibi
810 1706 951 1786 libellus,

400 1799 434 1857 lu
449 1796 556 1876 primis
571 1795 645 1853 mihi
662 1812 732 1852 carc
749 1792 919 1853 Martialis:

401 1883 498 1958 Quem
512 1882 539 1939 si
554 1878 682 1939 terseris
698 1895 771 1936 aure
786 1875 946 1954 diligenti,

400 1964 537 2026 Audebit
551 1965 649 2023 minus
664 1964 768 2021 anxius
782 1967 981 2039 tremensque

401 2050 528 2129 Magnas
544 2047 684 2109 Caesaris
698 2046 731 2104 in
745 2064 851 2104 manus
864 2045 981 2106 venire.

821 2178 856 2239 ll.

402 2296 500 2357 Lusus
517 2302 584 2355 erat
598 2312 704 2354 sacrae
720 2293 851 2353 conubia
863 2290 974 2353 fallere
989 2292 1098 2374 tedae,

403 2429 408 2436 .
443 2378 542 2438 Lusus
557 2384 590 2438 et
604 2379 773 2437 immeritos
790 2378 949 2437 execuisse
964 2396 1074 2440 marcu.

400 2463 540 2540 Utraque
554 2468 588 2523 to
601 2462 764 2542 prohibes,
787 2462 918 2538 Caesar,
937 2460 1123 2542 populisque
1136 2460 1246 2521 futuris

444 2546 621 2622 Succurris,
642 2546 727 2605 nasci
742 2545 823 2624 quod
839 2546 906 2604 sinc
919 2545 1029 2606 fraude
1043 2547 1141 2606 iubes.

379 2629 468 2692 5Nec
480 2630 574 2710 spado
582 2632 652 2708 iam,
663 2648 721 2688 nec
732 2630 877 2688 moechus
890 2631 961 2708 erit,
974 2636 1006 2689 tc
1013 2629 1167 2710 praeside,
1179 2616 1291 2711 quisqm

444 2714 486 2774 At
499 2715 601 2795 prius,
624 2734 641 2773 o
658 2714 776 2773 mores!
798 2720 831 2773 et
846 2713 941 2794 spado
956 2715 1101 2775 moechus
1116 2721 1194 2815 erat,

810 2847 859 2910 111.

402 2961 537 3021 Nascere
552 2959 706 3021 Dardanio
720 2963 903 3042 promissum
918 2980 1031 3022 nomeu
1045 2959 1129 3040 lulo,
1170 2974 1177 2991 ‘

443 3045 527 3108 Vera
541 3043 631 3104 desim
646 3045 788 3106 suboles:
809 3066 954 3125 nascere,
975 3064 1083 3124 magne
1096 3063 1190 3125 puer3

298 3199 301 3206 ¹
393 3131 459 3191 eui
474 3135 563 3209 pater
578 3135 719 3188 aeternas
734 3136 805 3210 post
820 3130 943 3192 saecula
957 3130 1058 3191 tradat
1070 3131 1220 3207 habenas,

445 3215 566 3292 Quique
580 3232 669 3292 regas
684 3217 791 3276 orbem
805 3235 873 3275 cum
885 3217 1008 3275 seniore
1024 3233 1127 3275 senex.

382 3301 473 3380 51psa
485 3300 544 3358 tibi
557 3299 647 3358 niveo
662 3300 767 3359 trahet
782 3318 874 3358 aurea
890 3298 1005 3379 pollice
1019 3297 1073 3360 filo

444 3383 486 3442 ut
498 3388 594 3444 totam
608 3383 716 3443 Phrixi
729 3383 805 3443 Iulia
819 3383 906 3443 nebit
921 3401 1018 3446 ovem.
1116 3378 1122 3385 ’

810 3515 863 3577 IV.

404 3626 522 3685 Censor
536 3628 665 3686 maxime
679 3627 915 3706 principumque
930 3628 1093 3708 princeps,

405 3710 480 3770 Cum
494 3717 543 3771 tot
556 3712 616 3770 iam
632 3711 688 3771 tibi
706 3709 819 3771 debeat
832 3712 1021 3791 triumphos,

403 3793 466 3854 Tot
479 3796 635 3855 nascentia
650 3794 782 3876 templa,
802 3802 851 3857 tot
864 3803 983 3882 renata,
