3267 4409
644 477 689 542 M.
704 474 798 539 VAL.
813 469 1040 535 Mauris-Lis
1078 461 1082 466 ⁸

766 677 934 746 LXXVIII..

409 796 505 855 Potor
517 789 648 869 nobilis,
669 788 764 866 Aule,
784 787 902 849 lumine
917 807 978 847 uno

408 878 524 938 Luscus
533 871 642 954 Phryx
657 881 725 933 erat
739 867 899 951 literoque
912 870 1024 950 ilppus.

408 963 489 1023 Huic
503 962 604 1021 Heras
619 958 755 1018 medicus
769 958 881 1035 „Bibas
898 962 1021 1015 caveto:

409 1048 521 1110 Vinum
535 1046 562 1104 si
576 1044 710 1120 biberis,
731 1041 810 1101 nihil
824 1039 976 1101 videbis.“

385 1130 524 1191 bllidens
537 1127 642 1206 Phryx
656 1124 745 1186 oculo
757 1124 929 1204 „Valebis“
943 1123 1053 1202 inquit.

407 1215 537 1276 Misceri
551 1213 611 1274 sibi
624 1212 764 1291 protinus
781 1209 932 1287 deunces,
1077 1220 1082 1227 ‘

410 1298 473 1358 Sed
487 1299 614 1357 crebros
628 1297 723 1357 iubet.
750 1295 874 1355 Exitum
889 1290 1046 1372 requiris?

407 1383 521 1445 Vinum
534 1382 654 1460 Phryx,
676 1377 782 1441 oculus
797 1380 876 1440 bibit
891 1393 1050 1439 venenum.

671 1511 694 1523 ’“
774 1540 910 1603 uxum.

409 1656 523 1716 Tristis
538 1673 572 1714 es
589 1659 622 1714 et
634 1650 726 1728 felin
748 1655 825 1714 sciat
839 1655 898 1714 hoc
911 1654 1049 1718 Fortuna
1064 1660 1187 1716 caveto:

448 1740 604 1818 Ingratum
618 1737 702 1798 dicet
715 1743 765 1817 te,
787 1739 891 1820 Lupe,
913 1741 940 1800 si
955 1740 1071 1800 scierit.

782 1902 904 1964 LXXX.

406 2016 451 2078 Ut
464 2035 541 2075 nova
556 2015 636 2076 dona
648 2015 721 2092 tibi,
744 2015 874 2093 Caesar,
884 2072 888 2079 ,
897 2015 1030 2076 Nilotica
1044 2016 1136 2078 tellus

450 2100 582 2160 Miserat
595 2101 741 2159 hibernas
755 2100 915 2160 ambitiosa
930 2120 1032 2179 rosas,

407 2183 514 2244 Navita
530 2182 640 2244 derisit
653 2183 782 2243 Phario·
797 2184 1017 2264 Memphiticus
1032 2186 1157 2262 hortoS,

449 2268 543 2328 Urbis
557 2274 592 2327 ut
602 2269 729 2328 intravit
742 2267 847 2327 limina
863 2270 961 2348 prima
976 2275 1056 2331 tuae.

388 2352 529 2413 5Tantus
543 2353 625 2412 veris
639 2353 737 2411 honos
753 2357 785 2412 et
799 2351 913 2413 odorae
928 2353 1026 2431 gratia
1038 2351 1171 2434 Florae,

450 2436 611 2515 Tantaque
624 2436 768 2496 Paestani
781 2435 881 2515 gloria
896 2438 976 2498 rurIs
993 2444 1069 2500 crat}

408 2521 459 2580 Sic
475 2540 655 2600 quacunque
671 2538 763 2599 vagus
777 2539 978 2600 gressumque
993 2521 1161 2603 oculosque
1174 2522 1313 2598 ferebat,

451 2604 630 2665 Tonsilibus
644 2605 738 2665 sertis
753 2624 842 2665 omne
856 2607 988 2666 rubebat
1005 2608 1076 2667 iter.

412 2689 451 2750 At
465 2694 499 2748 tu
513 2690 666 2749 Romanae
681 2689 781 2750 iussus
795 2691 855 2749 iarn
870 2689 984 2750 cedere
999 2693 1142 2769 brumae,
1162 2758 1170 2773 Ι
1289 2750 1294 2761 ,

367 2783 401 2834 10
447 2773 542 2833 Mitte
557 2778 624 2833 tuas
637 2771 770 2854 messes,
791 2776 912 2854 accipe,
933 2773 1019 2854 Nile,
1041 2793 1137 2836 rosas.

772 2922 907 2985 LXXXI.

407 3032 506 3094 Iratus
520 3039 663 3113 tanquam
679 3033 809 3114 populo,
833 3034 1035 3116 Charideme,
1055 3035 1183 3098 lavaris:
1215 3048 1218 3053 '

448 3118 574 3197 Inguina
588 3118 632 3177 ric
647 3124 713 3178 toto
728 3117 845 3179 subluis
859 3120 892 3179 iu
906 3119 994 3183 solio.

406 3200 471 3262 Nec
485 3206 576 3282 caput
589 3202 641 3260 hic
658 3200 770 3262 vellem
785 3205 830 3264 sic
845 3209 895 3283 te,
918 3202 1120 3281 Charideme,
1138 3201 1261 3283 lavare;

451 3286 494 3346 Et
508 3290 614 3368 caput,
637 3305 726 3366 ecce,
746 3286 844 3347 lavas:
865 3289 990 3368 inguIna
1006 3286 1084 3350 malo
1101 3289 1196 3350 laves.
1236 3303 1239 3307 '

638 3503 644 3513 ,
765 3399 913 3498 nxuxu.

407 3543 535 3621 Quidam
550 3564 599 3605 me
613 3546 721 3625 modo,
739 3548 837 3627 Rufe,
860 3548 1026 3628 diligenter

406 3622 596 3708 Inspectum,
618 3630 701 3691 velut
715 3639 837 3712 emptor
851 3641 903 3694 aut
915 3633 1042 3715 lanista,

407 3712 483 3772 (lum
498 3711 583 3774 voltu
598 3712 756 3796 digitoque
770 3719 980 3798 subnotasset,
