3267 4409
536 454 877 518 EPIGRAMMATON
889 455 963 518 LlB.
979 457 1031 520 [v.
1075 499 1077 506 ,
1267 456 1307 518 93

751 606 828 667 XLI.

359 725 436 807 Quid
451 726 638 786 recitaturus
655 723 826 785 circumdas
841 722 960 784 vellera
975 722 1080 786 collo?

396 812 594 873 Conveniunt
606 811 723 870 nostris
738 810 862 868 auribus
878 810 937 868 iata
954 810 1057 887 magis.

745 944 837 1006 XLII,

358 1059 388 1118 Si
402 1059 470 1136 quis
487 1058 571 1117 forte
585 1057 660 1116 mihi
672 1059 773 1136 possit
786 1061 946 1135 praestare
961 1059 1098 1135 roganti,

395 1142 494 1219 Audi,
516 1160 605 1220 quem
620 1160 767 1220 puerum,
787 1140 918 1217 Flacco,
940 1159 1051 1218 rogare
1064 1140 1167 1203 uelim.

357 1227 478 1286 Niliacis
492 1228 624 1305 primum
637 1243 717 1306 puer
734 1226 785 1284 uic
799 1232 943 1283 nascatur
960 1225 992 1283 in
1008 1226 1085 1284 oris:

394 1311 563 1389 Nequitias
571 1307 744 1368 tellus'scit
759 1308 833 1367 dare
848 1308 933 1367 nulla
948 1310 1052 1386 magis.

340 1394 403 1463 §Sit
416 1396 485 1454 nive
502 1392 679 1453 candidior:
698 1410 829 1472 namque
844 1393 878 1450 in
892 1392 1068 1453 Mareotide
1083 1394 1170 1454 fusca

393 1477 561 1540 Pulchrior
577 1483 640 1556 est,
662 1484 774 1556 quanto
789 1478 890 1537 rarior
904 1478 964 1535 iste
980 1475 1074 1538 color.

355 1563 482 1623 Lumina
497 1560 650 1622 sideribus
666 1567 788 1621 certent
803 1559 974 1638 mollesque
989 1560 1152 1640 flagellent

395 1645 486 1708 Colla
502 1664 621 1705 comae:
643 1652 740 1705 tortas
754 1664 815 1704 non
833 1665 915 1722 amo,
936 1644 1064 1723 Flacco,
1087 1666 1196 1709 comas

354 1731 454 1791 Frons
469 1731 572 1790 brevis
588 1736 680 1807 atque
695 1728 802 1789 modus
817 1728 931 1789 leviter
946 1730 987 1788 sit
1002 1731 1127 1789 naribus
1143 1732 1246 1806 uncis,

322 1825 348 1877 10
394 1815 555 1875 Paestanis
572 1815 704 1873 rubeant
719 1812 839 1873 aemula
851 1813 939 1872 labra
956 1816 1051 1891 rosia,
1092 1832 1099 1839 ’

354 1899 453 1979 Saepe
468 1905 501 1959 et
515 1895 674 1957 nolentem
690 1904 778 1976 cogat
791 1897 933 1976 nolitque
948 1896 1119 1976 volentem,

392 1984 540 2043 Liberior
554 1981 677 2042 domino
692 2000 784 2062 saepe
799 1984 840 2041 sit
853 1980 909 2041 ille
928 2001 999 2054 suo;

352 2068 393 2128 Et
407 2070 518 2128 timeat
533 2085 662 2146 pueros,
685 2065 827 2126 excludat
841 2071 934 2145 saepe
950 2063 1086 2143 puellas:

393 2153 451 2216 Vir
465 2149 612 2228 reliquis,
633 2152 685 2209 uni
701 2153 741 2210 sit
754 2169 832 2229 puer
846 2148 903 2209 ille
919 2150 1002 2209 mihi.

316 2237 432 2315 15„lam
445 2237 522 2312 scio,
537 2253 595 2293 nec
606 2233 716 2295 falles:
730 2255 800 2293 nam
813 2253 862 2294 me
876 2235 997 2312 quoque
1012 2215 1114 2292 iudice
1127 2251 1233 2293 verum
1245 2240 1306 2292 est:

394 2319 482 2380 'l'alis
500 2320 589 2378 erat“
604 2317 682 2378 dicis
697 2324 827 2398 „noster
841 2317 1074 2403 Amazonicus.“

735 2452 840 2516 XLlll.

349 2566 418 2626 Nou
434 2565 515 2644 dixi,
538 2567 704 2644 Coracine,
724 2572 757 2626 te
773 2565 950 2626 cinaedum:

349 2651 419 2710 Non
435 2670 502 2710 sum
516 2656 578 2710 tam
593 2652 776 2710 temerarius
790 2669 849 2710 nec
865 2650 977 2728 audax,

349 2737 416 2796 Nec
429 2734 589 2794 mendacia
605 2737 657 2813 qui
673 2733 784 2814 loquar
799 2734 946 2799 libenter.

350 2818 385 2877 Si
399 2818 480 2896 dixi,
504 2820 671 2897 Coracine,
693 2826 726 2879 te
742 2820 918 2897 cinaedum,
958 2874 963 2895 ,

329 2903 464 2965 alratam
479 2904 555 2962 mihi
572 2904 701 2963 Pontiae
714 2902 872 2983 lagonam,

348 2987 463 3046 iratum
483 2986 610 3047 calicem
624 2990 699 3048 mihi
715 2988 835 3048 Metili:
858 3002 861 3007 '

347 3071 419 3130 iuro
433 3089 492 3152 per
507 3072 614 3150 Syrios
629 3074 685 3132 tibi
700 3078 854 3150 tumores,
914 3089 917 3094 ·

349 3154 421 3214 luro
437 3174 496 3235 per
510 3156 713 3234 Berecyntios
731 3158 865 3218 furores.

348 3238 441 3315 Quod
455 3239 520 3299 dixi
535 3247 654 3318 tamen,
673 3242 733 3300 hoc
749 3239 820 3300 leve
836 3247 868 3300 et
880 3239 1041 3329 pusillum,

308 3322 562 3398 10Quodnotum
578 3329 643 3401 est,
667 3325 749 3404 quod
764 3333 796 3384 ct
811 3327 880 3405 ipse
894 3345 955 3385 non
965 3324 1113 3403 negabis,

346 3408 417 3468 Dixi
433 3417 483 3487 te,
505 3410 672 3487 Coracine,
695 3407 914 3488 cunnilingum.

730 3544 838 3607 XLIV.

347 3641 410 3701 Hic
428 3647 478 3700 est
492 3643 663 3721 pampineis
677 3641 785 3702 viridis
800 3641 891 3702 modo
906 3642 1036 3704 Vesvius
1050 3643 1181 3720 umbris,

392 3725 559 3786 Presserat
574 3727 625 3786 hic
639 3726 778 3786 madidos
795 3727 908 3787 nobilis
923 3747 979 3786 uva
993 3724 1089 3791 lacus.
