3267 4409
351 459 393 524 88
676 469 1003 522 manumiserimus

351 613 433 674 llaec
453 619 539 690 quota
562 628 630 689 pars
652 609 814 684 scelerum,
838 626 913 687 quae
933 617 1031 668 custos
1052 604 1180 675 Gallicus
1201 609 1282 670 urbis

351 695 451 774 Usque
474 715 490 757 a
509 695 651 770 lucifero,
675 693 770 754 donec
792 693 842 752 lux
865 693 995 767 occidat,
1019 689 1116 754 audit?

351 780 470 840 Humani
493 780 611 856 generis
633 794 737 838 mores·
753 777 804 836 tibi
826 793 915 843 nosse
938 775 1048 835 volenti

352 864 465 924 Sufficit
486 882 541 923 una
564 862 680 930 domus;
704 878 814 940 paucos
838 877 976 920 consume
998 861 1076 936 dies,
1105 868 1135 919 et
1285 872 1337 928 160

351 947 460 1008 Dicere
485 957 513 1006 te
537 949 688 1021 miserum,
713 953 866 1024 postquam
887 944 967 1004 illinc
987 945 1122 1020 veneris,
1148 943 1233 1004 audo.
1355 955 1357 958 ’

352 1031 423 1105 Quis
445 1031 580 1091 tumidum
602 1038 699 1106 guttur
720 1030 837 1109 miratur
856 1028 885 1087 in
906 1025 1051 1106 Alpibus?
1074 1036 1122 1088 aut
1146 1029 1211 1107 quis

351 1115 383 1176 ln
407 1115 508 1174 Meroe
534 1131 634 1174 crasso
657 1115 794 1172 maiorem
815 1113 924 1173 infante
949 1109 1123 1172 mamillam?

353 1197 476 1259 Caerula
501 1200 563 1276 quis
586 1199 694 1276 stupuit
716 1196 848 1257 Germani
873 1197 994 1271 lumina,
1017 1195 1119 1256 llavam

352 1281 519 1343 caesariem
543 1292 572 1341 et
590 1281 703 1341 madido
725 1288 908 1359 torquentem
932 1297 1039 1341 cornua
1061 1281 1163 1340 cirro?
1287 1293 1339 1347 165

350 1367 463 1445 Nempe
486 1366 563 1444 quod
585 1367 659 1427 haec
682 1365 740 1425 illis
761 1373 862 1425 natura
885 1372 930 1424 est
953 1363 1083 1424 omnibus
1104 1368 1169 1426 una.

352 1451 398 1511 Ad
420 1450 529 1510 s'ubitas
551 1449 692 1510 Thracum
713 1449 851 1509 volucres
874 1449 1035 1526 nubemque
1059 1464 1195 1512 sonoram

351 1535 513 1612 Pygmaeus
535 1536 632 1613 parvis
655 1535 743 1594 currit
765 1533 892 1594 bellator
913 1535 941 1592 in
965 1533 1061 1608 armis,
1085 1530 1087 1534 ’
1124 1592 1128 1599 ,

307 1654 311 1663 ·
350 1617 420 1678 lllox
442 1619 533 1696 impar
555 1618 631 1677 hosti
652 1627 809 1696 raptusque
834 1613 889 1696 per
910 1635 978 1677 aera
1003 1617 1098 1675 curvis

350 1700 500 1777 Unguibus
522 1721 537 1762 a
561 1720 648 1761 saeva
670 1703 761 1762 fertur
782 1719 870 1778 grue:
897 1702 922 1760 si
943 1700 1043 1761 videas
1066 1700 1123 1761 hoc
1285 1715 1337 1770 170

352 1784 491 1846 Gentibus
516 1787 543 1844 in
565 1787 689 1861 nostris,
712 1787 772 1845 risu
794 1786 938 1862 quatiare3
962 1785 1016 1844 sed
1040 1784 1110 1860 illic,

352 1868 529 1948 Quamquam
551 1869 652 1929 eadem
675 1869 790 1930 assidue
813 1876 983 1948 spectentur
1004 1869 1135 1947 proelia,
1158 1870 1234 1932 ridet

339 1951 458 2032 Nemo,
482 1953 530 2013 ubi
553 1962 613 2014 tota
634 1952 741 2013 cohors
765 1953 842 2032 pede
863 1971 922 2012 non
944 1947 989 2012 est
1010 1951 1095 2012 altior
1116 1971 1183 2014 uno.

393 2035 519 2098 Nullane
543 2038 651 2116 periuri
674 2039 777 2116 capitis
798 2038 966 2119 fraudisque
989 2035 1132 2098 nefandae

351 2122 449 2183 Poena
471 2119 546 2181 erit?
559 2156 602 2169 -
618 2123 780 2200 Abreptum
802 2123 890 2203 crede
903 2123 989 2182 hunc
1006 2123 1143 2200 graviore
1163 2130 1265 2187 catena
1286 2131 1336 2186 175

351 2205 484 2267 Protinus
508 2215 537 2265 et
558 2215 658 2266 nostro
681 2207 764 2286 (quid
791 2206 856 2284 plus
879 2205 950 2266 velit
972 2202 1052 2286 irai)
1076 2207 1176 2266 necari

351 2290 497 2359 Arbitri03
519 2299 614 2350 manet
633 2289 688 2351 <illa
710 2300 806 2350 tamen
823 2292 947 2366 iactura,
970 2307 1026 2348 nec
1045 2308 1178 2368 umquam

351 2374 522 2452 Depositum
544 2373 595 2433 tibi
617 2390 723 2453 sospes
744 2375 813 2449 erit,
840 2374 893 2435 sed
919 2390 1044 2452 corpore
1066 2383 1168 2434 trunco

270 2476 272 2480 ·
300 2508 302 2512 ,
351 2457 496 2518 Invidiosa
518 2457 596 2518 dabit
618 2458 747 2518 minimus
770 2459 874 2518 solatia
897 2459 1079 2534 sanguis..-

352 2540 391 2600 At
410 2541 535 2600 vindicta
557 2540 663 2602 bonum
682 2544 740 2601 vita
763 2543 914 2615 iucundius
935 2544 1008 2621 ipsa.
1037 2577 1079 2590 -
1283 2552 1335 2604 180

351 2624 465 2702 Nempe
489 2623 545 2684 hoc
566 2624 692 2701 indocti,
717 2642 838 2703 quorum
860 2627 1032 2703 praecordia
1055 2624 1141 2686 nullis

352 2707 497 2768 Interdum
517 2717 565 2768 aut
586 2708 700 2769 levibus
722 2710 822 2770 videas
845 2709 994 2787 flagrantia
1020 2710 1129 2771 causis:

353 2791 620 2870 Quantulacumque
642 2794 717 2854 adeo
741 2803 785 2854 est
805 2797 943 2869 occasio,
968 2795 1075 2855 suflicit
1098 2795 1169 2854 irae.

354 2874 533 2955 Chrysippus
555 2894 613 2938 uon
635 2877 714 2939 dicet
737 2880 813 2939 idem
835 2897 890 2939 nec
911 2881 979 2939 mite
996 2879 1132 2940 Thaletis

352 2959 500 3037 Ingenium
525 2961 659 3042 dulcique
682 2981 774 3023 senex
796 2964 907 3022 vicinus
926 2963 1072 3039 Hymetto,
1288 2972 1337 3025 185

354 3042 409 3118 our
434 3055 544 3124 partem
569 3055 710 3125 acceptae
733 3066 821 3108 saeva
843 3048 917 3108 inter
940 3047 1035 3108 uincla
1058 3047 1172 3108 cicutae

352 3127 526 3191 ›Accusatori
550 3131 641 3192 nollet
664 3132 743 3192 dare.
788 3131 912 3193 Plurima
934 3132 1007 3192 felix
1061 3150 1066 3159 ’
1166 3146 1170 3153 ’

353 3211 490 3274 Paulatim
512 3216 581 3275 vitia
604 3225 690 3294 atque
713 3235 831 3276 errores
854 3217 932 3275 exuit
955 3231 1066 3288 omnes,
1151 3242 1156 3249 ·

353 3295 445 3356 Prima
469 3297 556 3358 docet
579 3309 691 3360 rectum
711 3301 867 3380 sapientia;
892 3301 1000 3378 quippe
1023 3295 1120 3355 minuti

354 3380 479 3458 Semper
500 3392 529 3442 et
549 3384 651 3443 infirmi
675 3392 721 3443 est
745 3385 830 3445 animi
854 3383 1008 3459 exiguique
1031 3377 1167 3455 voluptas
1287 3385 1339 3437 loo
1375 3408 1378 3412 ·

352 3463 446 3524 Ultio:
471 3467 606 3527 continuo
629 3469 672 3526 sic
693 3468 819 3545 collige,
842 3465 921 3544 quod
942 3463 1067 3523 vindicta

352 3545 445 3607 Nemo
467 3553 559 3626 magis
580 3551 706 3627 gaudet,
728 3570 813 3631 quam
835 3549 949 3610 femina.
994 3543 1053 3605 Cur
1074 3553 1170 3606 tamen
1193 3544 1248 3607 hos
1272 3552 1302 3605 tu
1345 3593 1348 3598 .

352 3627 491 3691 Evasisse
515 3643 615 3711 putes,
639 3651 713 3712 quos
737 3635 791 3694 diri
817 3632 934 3693 conscia
957 3629 1026 3690 iacti

352 3711 435 3773 lilens
459 3714 546 3776 lmb'et
568 3720 704 3777 attonitos
727 3727 756 3778 et
776 3716 864 3777 surdo
885 3713 1011 3799 uerbere
1035 3714 1132 3777 caedit
