3267 4409
434 562 437 571 k
544 442 885 529 nbromnmauon
898 467 973 530 nm.
987 465 1026 534 x.
1240 467 1304 534 249

347 617 494 681 Promisit
507 620 627 700 pariter
641 638 675 680 se
691 615 813 697 Phyllis
825 620 953 697 utrique
969 617 1123 698 daturam,
1212 671 1214 681 s

388 706 430 765 Et
445 703 548 764 dedit:
570 703 626 763 ille
640 702 751 784 pedem
767 701 906 780 sustulit,
928 705 979 763 hic
994 706 1135 766 tunicam.

712 836 861 899 LXXXII.
951 901 953 908 ,

347 937 381 999 Si
396 937 471 1017 quid
484 941 591 996 nostra
605 937 666 996 tuis
682 935 776 995 adicit
789 937 909 996 vexatio
923 937 1033 1015 rebus,

388 1022 483 1082 Mane
500 1020 550 1081 rel
566 1041 582 1080 a
597 1019 698 1079 media
713 1026 805 1079 nocte
821 1026 942 1098 togatus
957 1040 1028 1099 ero,

343 1104 585 1184 Stridentesque
602 1105 699 1163 feram
713 1105 804 1163 flatus
819 1103 971 1182 aquilonis
985 1106 1083 1185 iniqui

388 1190 430 1249 Et
444 1191 543 1269 patiar
557 1190 677 1247 nimbos
690 1189 899 1267 excipiamque
914 1190 1010 1252 nives.

326 1272 415 1335 aSed
429 1275 455 1332 si
469 1293 531 1332 non
545 1273 600 1350 fias
615 1272 783 1351 quadrante
799 1273 920 1333 beatior
934 1292 995 1332 uno

388 1357 451 1417 Per
466 1358 597 1435 gemitus
612 1364 735 1415 nostros
749 1357 958 1436 ingenuasque
973 1375 1098 1436 eruces,

345 1442 460 1518 Parce,
481 1459 610 1521 precor,
632 1441 714 1500 fesso
729 1458 884 1518 vanosque
897 1441 1024 1503 remitte
1038 1441 1177 1522 labores,

284 1526 287 1530 ’
388 1526 448 1601 Qui
463 1526 520 1586 tibi
534 1544 597 1584 non
611 1530 741 1605 prosunt
755 1531 788 1583 et
802 1525 894 1604 mihi,
916 1522 1024 1606 Galle,
1045 1534 1168 1589 nocent.

702 1657 864 1721 LXXXlll.
972 1706 975 1718 .

346 1759 444 1819 Raros
456 1756 578 1837 colligis
593 1759 665 1818 hinc
681 1762 713 1817 et
728 1759 800 1819 binc
815 1758 947 1841 capillos

345 1842 386 1904 Et
402 1842 496 1903 latum
511 1841 643 1919 nitidae,
665 1842 803 1922 Mariae,
825 1843 928 1904 calvae
1012 1900 1014 1905 .

348 1927 494 2007 Campum
512 1928 702 2005 temporibus
717 1929 796 2006 tegis
812 1930 955 1988 comatis:

348 2009 411 2070 Sed
427 2013 502 2071 moti
515 2010 649 2071 redeunt
663 2011 790 2070 iubente
803 2018 896 2071 rento

324 2094 592 2172 5Reddunturque
607 2095 665 2154 sibi
682 2103 833 2174 caputque
848 2094 962 2154 nudum

349 2180 449 2240 Cirris
464 2178 628 2257 grandibus
643 2180 716 2237 hinc
734 2184 766 2237 et
782 2178 856 2238 inde
872 2181 1006 2257 cingunt.

347 2262 433 2323 Inter
447 2263 704 2344 Spendophorum
720 2261 1010 2342 Telesphorumque

346 2347 451 2427 (lydae
467 2355 550 2407 stare
564 2348 685 2426 putabis
700 2346 929 2427 Hermerotem

348 2433 430 2508 Quin
446 2438 480 2491 tu
494 2432 661 2511 simplicius
677 2450 782 2491 senem
797 2432 924 2512 fateris,
981 2428 984 2433 Δ

304 2517 390 2578 10Ut
404 2515 529 2575 tandem
545 2514 677 2575 ridearis
693 2536 771 2574 unus
786 2517 878 2577 esse?

348 2600 441 2661 Calvo
455 2601 575 2680 turpius
592 2599 733 2659 estnihil
748 2607 875 2662 comato.

700 2734 864 2797 LXXXIV.

346 2832 489 2910 Miraris,
512 2851 606 2911 quare
621 2831 783 2891 dormitum
800 2853 860 2893 non
877 2839 927 2893 eat
940 2833 1039 2898 Afer?

388 2917 558 2976 Accumbat
573 2937 641 2976 cum
656 2936 730 2996 qua,
754 2916 956 2997 Caediciane,
977 2917 1073 2979 vides.

706 3029 859 3093 LXXXV.

348 3128 410 3189 lam
427 3127 531 3187 senior
545 3125 653 3186 Ladon
666 3128 835 3187 Tiberinae
848 3131 940 3187 nauta
958 3127 1080 3187 carinae
1144 3144 1147 3149 ·

388 3213 530 3271 Proxima
544 3210 668 3271 dilectis
681 3232 754 3271 rura
768 3213 886 3291 paravit
902 3213 998 3290 aquis.
1106 3228 1115 3273 ἶ

348 3297 433 3373 Quae
449 3316 517 3355 cum
532 3315 624 3374 saepe
638 3315 731 3374 vagus
746 3301 906 3375 premeret
921 3293 1113 3372 torrentibus
1129 3292 1219 3354 undis

390 3381 496 3440 Tibris
512 3385 545 3439 et
557 3381 688 3440 hiberno
701 3386 862 3460 rumperet
876 3401 946 3439 arva
958 3378 1043 3458 lacu,
1103 3422 1107 3433 ,

326 3458 518 3527 5Emeritam
532 3465 674 3543 puppim,
696 3466 764 3555 ripa
779 3484 856 3544 quae
872 3467 972 3525 stabat
986 3464 1019 3524 in
1037 3462 1115 3544 alto,

393 3546 535 3628 lmplevit
550 3550 628 3607 saxis
644 3551 849 3629 opposuitque
863 3548 958 3613 vadis.
1130 3550 1162 3623 ᾗ
1226 3616 1267 3625 Η

349 3632 404 3693 Sie
416 3634 524 3692 nimias
540 3635 651 3692 avertit
666 3654 766 3713 aquas.
800 3635 876 3711 Quis
891 3632 1024 3694 credere
1037 3637 1147 3719 pomi
1164 3694 1182 3713 ¹.
1225 3628 1236 3637 ”

392 3716 547 3778 Auxilium
564 3716 686 3778 domino
701 3739 800 3780 mersa
814 3721 919 3780 carina
932 3717 1014 3780 tulit.
1078 3776 1096 3787 ,,
1114 3722 1153 3763 ='-·-
1175 3792 1184 3801 ἢ
