3267 4409
434 440 441 449 ’
532 463 1014 531 nurcmmmuuonumu.
1253 463 1294 526 45

333 624 416 684 Esse
430 624 479 681 sat
491 624 542 680 est
556 637 693 696 servum,
715 620 775 678 iarn
789 615 861 677 nolo
876 618 1008 677 vicarius
1024 635 1103 678 esse.
1214 656 1218 661 -

377 707 440 784 Qui
454 722 511 764 rex
524 711 589 783 est,
611 721 734 782 regern,
756 703 907 782 Maxime,
928 720 992 761 uon
1005 701 1127 763 habeat.

738 850 818 913 XIX.

334 965 480 1029 Felicem
493 965 565 1024 lieri
582 961 685 1024 credis
699 981 765 1040 mc,
788 959 896 1040 Zoile,
918 980 1008 1020 cena:
1032 972 1037 988 ‘

254 1089 256 1092 ⁴
376 1049 521 1112 Felicem
535 1067 628 1124 cena,
649 1046 761 1108 Zoile?
791 1044 904 1105 deinde
920 1045 995 1105 tua?

336 1136 442 1196 Debet
457 1134 584 1193 Aricino
600 1132 724 1191 conviva
739 1133 921 1190 recumbere
936 1128 1031 1207 clivo,

379 1219 480 1296 Quem
496 1222 550 1277 tua
563 1214 706 1294 felicem,
724 1212 832 1293 Zoile,
855 1232 930 1275 cena
944 1214 1027 1276 facit.

742 1361 809 1423 XX.

337 1478 484 1541 Carmina
496 1473 611 1537 Paulus
626 1477 716 1552 emit,
738 1474 852 1533 recitat
867 1491 920 1532 sua
936 1475 1069 1534 carmina
1084 1474 1203 1537 Paulus

313 1626 315 1631 ,
379 1562 457 1622 Nam
473 1559 556 1641 quod
571 1579 670 1638 emas,
690 1558 791 1639 possis
806 1558 874 1616 iure
890 1576 1001 1619 vocare
1016 1564 1111 1625 tuum.

740 1705 820 1767 XXI.

338 1824 430 1883 Basia
445 1821 498 1882 das
512 1819 596 1899 aliis,
618 1817 687 1880 aliis
703 1819 774 1898 das,
796 1819 959 1898 Postume,
983 1820 1132 1882 dextram.

382 1908 467 1968 Dicis
481 1907 615 1985 „Utrum
632 1904 759 1966 mavis?
771 1902 889 1983 elige.“
917 1904 1002 1966 Malo
1016 1925 1145 1967 manum.

729 2066 830 2150 ,xxn

340 2180 423 2258 Quid
437 2180 513 2241 mihi
527 2181 682 2240 vobiscum
698 2186 763 2259 est,
785 2202 802 2241 o
817 2181 944 2249 Phoebe
964 2195 1135 2257 novemque
1149 2180 1296 2240 sorores?

382 2266 466 2326 Ecce
483 2270 577 2324 nocet
590 2265 651 2323 vati
666 2265 757 2324 Musa
769 2266 875 2324 iocosa
890 2282 954 2324 suo.

340 2348 474 2411 Dimidio
489 2349 579 2408 nobis
596 2347 671 2409 dare
685 2348 848 2409 Postumus
864 2353 935 2407 aute
950 2344 1070 2406 solebat

381 2435 487 2511 Basia,
507 2450 589 2492 nuno
604 2431 692 2492 labro
708 2435 811 2514 coepit
826 2440 959 2511 utroque
976 2431 1060 2492 dare.

723 2596 830 2661 XXlll.

341 2709 410 2768 Non
428 2705 543 2786 dicam,
564 2705 642 2769 licet
655 2729 752 2789 nsque
769 2730 818 2771 me
833 2714 965 2791 rogetis,

343 2793 417 2868 Quis
433 2793 474 2851 sit
485 2793 649 2852 Postumus
665 2794 697 2852 in
711 2814 779 2854 meo
794 2794 921 2874 libello,

341 2876 410 2936 Non
426 2875 540 2936 dicam:
564 2876 638 2955 quid
654 2879 737 2937 enim
751 2880 826 2938 mihi
843 2899 972 2940 necesse
988 2889 1036 2940 est

253 3002 255 3007 ·
342 2961 406 3019 Has
421 2959 582 3020 offendere
597 2962 801 3041 basiationes,

323 3045 431 3122 5Quae
446 3062 480 3103 sc
498 3050 559 3104 tarn
573 3046 655 3105 bene
668 3047 826 3106 vindicare
841 3048 992 3128 possunt?

725 3195 834 3257 XXIV.

346 3306 378 3367 Si
393 3306 448 3367 det
461 3308 567 3386 iniqua
582 3309 638 3366 tibi
653 3309 775 3368 tristem
791 3309 916 3367 fortuna
928 3313 1061 3383 rectum,

387 3390 551 3471 Squalidus
565 3393 701 3451 haerebo
717 3389 924 3472 pallidiorque
939 3409 1011 3450 reo:

346 3474 378 3535 Si
392 3476 498 3534 iubeat
511 3477 611 3554 patria
626 3475 799 3536 damnatum
816 3474 968 3535 excedere
983 3479 1084 3550 terra,

387 3558 450 3620 Per
465 3560 562 3638 freta,
584 3579 642 3640 per
656 3558 798 3639 scopulos
813 3559 910 3619 exulis
925 3559 975 3619 ibo
992 3577 1104 3622 comcs.

324 3643 404 3703 anat
417 3644 475 3703 tibi
491 3643 620 3705 divitias.
651 3643 880 3722 „Ecqliidsunt
893 3646 952 3704 isto
967 3639 1142 3704 ιίιιοτιιηιὶὶιι

387 3727 447 3788 Das
463 3729 605 3809 partem?
631 3726 787 3807 „Multum
801 3726 881 3788 est.“
919 3726 1074 3808 Candide,
1094 3726 1148 3787 das
1164 3723 1300 3805 aliquid?
