3267 4409
327 422 408 545 112*
649 479 695 543 Μ,
710 479 801 544 VAL.
817 478 1043 543 MARTIALIS

412 799 445 861 Si
460 804 561 861 tecum
574 799 665 878 mihi,
687 818 758 859 care
772 798 943 879 Martialis,
1018 858 1022 864 .

411 884 536 946 Securis
549 883 644 945 liceat
657 884 720 943 frui
734 882 860 962 diebus,

411 967 446 1028 Si
460 967 626 1049 disponere
640 972 762 1048 tempus
777 969 910 1028 otiosum

410 1052 452 1113 Et
466 1071 558 1112 verae
572 1053 691 1133 pariter
704 1069 812 1111 vacare
827 1053 923 1111 vitae:
1051 1072 1054 1081 ’

390 1136 477 1197 bNeo
491 1155 548 1196 nos
563 1137 657 1212 atria,
678 1152 736 1194 neo
751 1133 858 1195 domos
873 1137 1052 1215 potentum,

411 1219 477 1279 Nec
491 1219 563 1279 lites
577 1221 704 1279 tetricas
719 1217 882 1298 forumque
896 1220 987 1279 triste

412 1303 597 1380 Nossemus,
617 1321 676 1362 nee
690 1303 838 1380 imagines
853 1303 1017 1380 superbas3

413 1385 477 1447 Sed
492 1387 640 1466 gestatio,
658 1385 798 1464 fabulae,
819 1382 938 1464 libelli,

413 1470 563 1551 Campus,
584 1471 739 1551 porticus,
760 1473 884 1547 umbra,
905 1472 1008 1551 virgo,
1027 1469 1188 1547 thermae,

370 1554 497 1617 10Haee
513 1560 618 1615 essent
633 1554 702 1614 loca
715 1573 854 1634 semper,
876 1555 909 1613 hi
922 1552 1056 1616 labores.

413 1638 501 1699 Nune
515 1639 589 1698 vivit
603 1647 734 1699 necuter
748 1640 807 1698 sibi
822 1640 982 1715 bonosque

413 1720 504 1782 Soles
520 1723 766 1801 effugere.atque
782 1724 867 1782 abire
883 1723 994 1799 sentit,

413 1806 473 1883 Qui
485 1807 575 1867 nobis
588 1814 722 1886 pereunt
736 1811 769 1865 et
781 1807 980 1886 imputantur.

413 1890 580 1971 Quisquam
593 1882 697 1950 vivere
712 1910 780 1951 oum
794 1892 887 1969 sciat,
909 1887 1067 1951 moratur?

707 2024 888 2087 ’xxl

415 2136 561 2213 Quintum
575 2158 633 2218 pro
648 2137 791 2216 Decimo,
811 2156 870 2218 pro
887 2136 1017 2213 Crasso,
1037 2132 1174 2215 Regale,
1195 2133 1283 2197 Mser

456 2222 538 2281 Ante
553 2223 704 2283 salutabat
719 2218 828 2281 rhetor
842 2217 1060 2300 Apollodotus.
1135 2266 1141 2273 .

412 2302 500 2364 Nono
515 2312 678 2383 utrumque
693 2325 746 2364 suo
761 2304 911 2365 resalutat
924 2303 1059 2367 nomine.
1093 2303 1247 2381 Quantum

457 2388 539 2449 (lura
553 2387 704 2468 laborque
721 2389 841 2469 potest!
872 2389 1061 2469 Scripserat,
1083 2392 1118 2448 et
1132 2385 1250 2471 didicit.

803 2522 896 2584 XXII.

414 2634 508 2696 Mane
524 2634 606 2695 domi
616 2636 680 2695 nisi
694 2642 727 2697 te
741 2634 825 2697 volui
839 2637 1000 2717 meruique
1013 2634 1139 2716 videre,

459 2719 529 2779 Sint
542 2720 634 2798 mihi,
650 2719 763 2799 Paule,
782 2727 854 2781 tuae
869 2720 990 2800 longius
1004 2718 1175 2800 Esqussiae.

415 2800 479 2862 Sed
493 2804 677 2865 Tiburtinae
693 2825 758 2865 sum
773 2807 929 2884 proximus
945 2805 1048 2865 accola
1061 2802 1164 2885 pilae,

457 2888 524 2965 Qua
537 2887 622 2947 videt
637 2890 792 2967 antiquum
807 2891 924 2953 rustica
935 2888 1030 2950 Flora
1043 2890 1163 2949 Iovem:

389 2970 483 3033 solta
496 2972 649 3033 Suburani
662 2974 811 3034 vincenda
827 2980 876 3034 est
889 2975 998 3034 semita
1012 2972 1083 3034 clivi

455 3057 497 3119 Et
509 3076 662 3136 nunquam
678 3060 759 3118 sicco
775 3057 901 3118 sordida
916 3056 1114 3143 magrado,

415 3140 537 3221 Virque
552 3141 641 3202 datur
655 3141 764 3221 longas
777 3143 929 3202 mulorum
943 3160 1089 3222 rumpere
1105 3136 1246 3202 mandras

458 3227 606 3305 Quaeque
622 3228 704 3287 trahi
719 3227 815 3288 multo
830 3247 983 3287 marmora
995 3226 1070 3286 fune
1083 3224 1182 3287 vides.

413 3306 495 3369 Illud
510 3308 609 3371 adimo
623 3313 759 3389 gravius,
783 3311 865 3391 quod
879 3322 912 3371 te
925 3316 998 3392 post
1011 3309 1099 3371 mille
1113 3310 1250 3381 labores,

373 3402 408 3454 10
455 3392 568 3471 Paule,
590 3401 684 3473 nogat
696 3394 777 3455 lasso
792 3396 907 3455 ianitor
921 3413 991 3455 esse
1006 3393 1100 3457 domi.

413 3476 521 3537 Exitus
536 3479 586 3538 hio
602 3481 707 3557 operis
722 3481 791 3539 rani
806 3479 991 3559 togulaeque
1005 3478 1176 3539 madentis:

456 3560 516 3621 vix
532 3564 610 3622 tanti
626 3561 753 3623 Paulum
770 3582 858 3624 mane
874 3563 981 3624 videre
998 3563 1068 3623 fuit.

414 3641 544 3723 Semper
559 3647 738 3707 inhumanos
753 3649 847 3708 habet
863 3649 1018 3708 officiosus
1034 3647 1163 3706 amieos:

456 3727 539 3807 Rex,
560 3731 620 3790 nisi
636 3730 816 3811 dormieris,
838 3752 901 3793 non
917 3724 1008 3815 'potes
1024 3748 1094 3792 esse
1109 3745 1204 3794 meus.
