3267 4409
373 452 413 517 18
693 464 729 513 D.
751 463 823 513 1utt.
844 461 1031 512 mestuus

370 605 427 668 liat
448 621 576 684 poenes,
597 608 713 669 noctem
731 602 839 681 patitur
858 600 987 679 lugentis.
1004 601 1126 673 amicum

370 688 504 765 Pelidae,
527 687 613 748 cubet
633 687 662 746 in
683 687 804 762 iaciem,
827 702 895 745 mox
911 686 1015 747 deinde
1036 687 1164 764 supinus.
1306 698 1361 757 πω

370 772 451 850 Ergo
473 789 531 831 non
550 770 634 831 aliter
655 771 763 848 poterit
785 766 933 830 dormire?
962 768 1140 843 Quibusdam

371 858 507 918 Somnum
529 856 593 916 rixa
614 854 698 914 facit:
721 852 774 913 sed
793 855 924 931 quamvis
944 853 1093 932 improbus
1114 854 1195 915 anuis

369 940 468 1018 Atque
491 956 571 999 mero
591 936 710 998 fervens
730 946 815 997 cavet
835 937 928 1013 hunc,
952 954 1037 1015 quem
1060 940 1181 1001 coccina
1200 939 1288 1003 laena

369 1023 461 1083 Vitari
476 1021 557 1083 iubet
577 1030 606 1081 et
626 1022 759 1081 comitum
781 1020 967 1097 longissimus
989 1021 1073 1097 ordo,

369 1105 490 1167 dlultum
510 1116 664 1185 praeterea
685 1104 859 1166 flammarum
880 1113 910 1164 et
924 1122 1023 1165 aenea
1045 1104 1170 1183 lampas:
1306 1118 1360 1175 285

369 1191 436 1267 lle,
461 1208 547 1269 quem
566 1190 632 1251 luna
654 1189 731 1249 solet
752 1188 899 1249 deducere
919 1188 969 1248 vel
988 1188 1079 1249 breve
1100 1189 1197 1251 lumen

371 1273 536 1351 candelae,
559 1275 640 1335 cuius
662 1272 800 1352 dispenso
824 1281 853 1332 et
871 1280 1003 1350 tempero
1025 1271 1114 1348 filum,
1265 1274 1269 1283 '

372 1357 544 1419 Contemnit.
581 1356 716 1418 bliserae-
730 1372 880 1434 cognosce
901 1358 1051 1434 prooemia
1072 1358 1166 1433 rixae,

370 1444 402 1504 Si
421 1444 484 1502 risa
502 1451 563 1519 est,
586 1440 641 1501 ubi·
656 1449 694 1501 tn·
708 1439 824 1521 pulsas,
842 1457 900 1518 ego
921 1439 1028 1519 vapulo
1048 1448 1166 1501 tautum.

370 1526 434 1585 Stat
455 1535 555 1586 contra
579 1527 705 1604 starique
728 1523 822 1584 iubet:
845 1541 951 1602 parere
971 1541 1096 1585 necesse
1119 1534 1180 1595 est:
1308 1538 1361 1595 που

369 1607 441 1668 Nam
464 1610 531 1686 quid
551 1626 642 1685 agas,
666 1626 750 1685 quum
772 1615 801 1666 te
823 1608 950 1668 furiosus
972 1616 1059 1684 cogat
1080 1616 1110 1669 et
1127 1609 1204 1670 idem

369 1689 507 1752 Fortior?
549 1691 632 1751 Unde
653 1686 756 1751 venis?
775 1690 931 1761 exclamat:
955 1692 1036 1751 cuius
1059 1701 1156 1768 aceto,

371 1774 459 1837 Cuius
481 1774 592 1835 conche
615 1771 728 1834 tumes?
751 1774 815 1852 quis
837 1783 932 1835 tecum
952 1774 1055 1836 sectile
1076 1793 1194 1855 porrum

371 1860 459 1920 Sutor
481 1868 510 1920 et
530 1859 599 1918 elisi
619 1859 753 1919 vervecis
776 1856 858 1918 labra
881 1854 1028 1919 comedit?

368 1942 417 2004 Nil
439 1944 506 2004 mihi
529 1938 713 2022 respondes?
732 1951 780 2003 aut
801 1941 848 2002 die
870 1951 918 2002 aut
939 1943 1041 2021 accipe
1063 1942 1202 2003 calcemi·
1307 1955 1358 2012 aas

368 2026 432 2087 Ede
453 2026 502 2086 ubi
521 2028 679 2096 consistas;
701 2027 729 2085 iu
752 2044 809 2104 qua
831 2033 860 2084 te
883 2042 992 2104 quaero
1012 2024 1256 2105 proseuobai...

368 2109 476 2171 Dioere
497 2112 522 2170 si
542 2120 666 2190 temptes
687 2109 795 2188 aliquid
815 2110 959 2171 tacitusve
980 2110 1115 2187 recedas,

369 2193 555 2254 Tantundem
578 2205 638 2256 est:
661 2194 768 2255 feriunt
790 2194 917 2272 pariter,
938 2194 1099 2254 vadimonia
1121 2194 1227 2255 deinde

368 2276 437 2338 lrati
458 2278 579 2347 iaciunt;
600 2278 721 2338 libertas
742 2278 880 2356 pauperis
902 2276 975 2337 baec
997 2287 1059 2339 est:

368 2360 503 2422 Pulsatus
524 2371 609 2438 rogat
629 2371 658 2421 et
678 2362 783 2440 pugnis
800 2361 941 2430 ,concisus
958 2361 1083 2437 adorat,
1306 2374 1357 2431 noo

369 2443 407 2504 Ut
427 2444 515 2503 liceat
534 2446 635 2522 paucis
658 2462 720 2503 cum
740 2444 873 2505 dentibus
895 2444 961 2505 inde
981 2445 1099 2505 reverti.

368 2525 433 2585 Nec
449 2535 543 2585 tamen
563 2526 638 2586 haec
659 2536 766 2587 tautum
786 2537 913 2598 metuam
934 2546 998 2589 nam
1019 2529 1068 2607 qui
1088 2529 1198 2607 spoliet
1220 2540 1252 2593 ie

368 2608 435 2670 Non
457 2608 566 2685 deerit,
590 2608 697 2669 clausis
720 2609 852 2670 domibus
871 2621 1025 2691 postquam
1046 2614 1138 2673 omnis
1157 2613 1268 2694 ubique

368 2690 441 2752 Fixa
466 2699 615 2752 catenatae
638 2691 715 2753 siluit
737 2711 880 2773 compago
900 2696 1049 2759 tabernae.

367 2775 513 2836 Interdum
536 2786 565 2836 et
584 2777 664 2837 ferro
687 2777 797 2838 subitus
816 2788 968 2854 grassator
988 2780 1047 2859 agit
1066 2798 1145 2841 rem:
1305 2790 1357 2849 edd

367 2860 487 2920 Armate
510 2862 625 2939 quoties
646 2870 725 2922 tutae
743 2863 864 2923 custode
884 2872 1019 2925 tenentur

367 2943 406 3005 Et
424 2944 573 3023 Pomptina
592 2944 676 3025 palus
700 2955 729 3007 et
749 2944 904 3008 Gallinaria
925 2947 1022 3025 pinus,

368 3028 419 3089 Sic
441 3027 507 3088 inde
526 3030 583 3089 huc
605 3047 705 3090 omnes
726 3039 869 3109 tamquam
889 3032 926 3091 ed
943 3031 1054 3092 vivaria
1076 3040 1204 3099 currunt.

369 3110 433 3184 Qua
452 3112 573 3189 iornaoe
595 3131 718 3191 graves,
740 3132 797 3192 qua
819 3131 876 3173 non
895 3115 1000 3176 incude
1017 3110 1161 3178 catenosi

368 3192 508 3255 Maximus
530 3198 560 3267 iu¹
579 3198 682 3257 vinclis
702 3198 772 3258 ierri
792 3198 911 3275 modus,
931 3196 961 3260 u't
981 3201 1102 3275 timeas,
1123 3216 1163 3260 ue
1307 3210 1358 3267 mo

368 3278 479 3341 Vomer
501 3281 633 3359 deficiat,
654 3300 691 3342 ne
708 3286 821 3343 marrae
844 3290 873 3342 et
893 3282 1007 3351 sarcula
1029 3283 1134 3344 desint
1154 3314 1158 3319 ·

257 3416 264 3429 ,
367 3361 485 3425 Felices
508 3382 682 3445 proavorum
700 3375 823 3442 atavos,
844 3365 943 3428 ielicia
963 3366 1044 3429 dices
1079 3376 1082 3383 '

368 3447 493 3525 Secula,
517 3466 591 3528 quae
614 3450 757 3528 qnondam
777 3449 830 3510 sub
850 3450 969 3528 tegibus
990 3459 1077 3529 atque
1098 3449 1223 3513 tribunis
1275 3512 1278 3517 .

369 3528 510 3592 Viderunt
532 3550 588 3593 uuo
610 3544 773 3595 contentam
796 3552 916 3596 carcere
938 3534 1068 3609 Romam.

411 3613 462 3673 llis
483 3615 553 3676 alias
575 3626 706 3696 poteram
729 3627 759 3686 ω
781 3618 883 3697 plures
904 3619 1079 3681 subnectere
1101 3636 1222 3683 musas:
1310 3628 1357 3687 stt

371 3697 430 3760 Sed
451 3698 576 3761 iumenta
594 3710 717 3781 vocant,
742 3712 771 3764 et
789 3702 837 3765 sol
856 3702 988 3775 inclinat3
1009 3701 1134 3766 eundum
1156 3714 1215 3769 est.
