3267 4409
324 472 365 537 ao
643 471 688 563 oa
703 471 796 534 van.
810 468 1037 533 uiuimus

408 627 441 687 In
458 646 517 704 qua
531 634 592 685 tam
605 621 735 685 similem
749 620 869 682 videbis
883 623 993 701 Issam,

367 711 451 772 20Ut
466 712 506 770 sit
519 716 581 768 tam
596 707 702 768 similis
717 708 775 767 sibi
789 725 848 766 nec
862 709 937 786 ipsa.

408 795 502 854 Issam
517 793 650 872 denique
666 810 748 871 pone
762 811 830 850 eum
845 789 978 850 tabella:

408 880 471 937 Aut
484 884 644 955 utramque
657 876 779 955 putabis
795 893 998 953 emesenam,

409 963 471 1023 Aut
486 969 646 1041 utramque
660 960 782 1040 putabis
798 977 867 1017 esse
880 960 1002 1039 pictam.

815 1093 879 1153 CX.

410 1166 556 1270 Scribere
571 1225 620 1266 me
637 1207 795 1285 quereris,
813 1204 933 1283 Velox,
956 1207 1176 1285 epigrammata
1187 1205 1290 1288 longa.

450 1293 519 1373 lpse
533 1289 613 1351 nihil
625 1292 748 1351 scribIs:
767 1297 802 1351 tu
815 1292 958 1354 breviora
971 1291 1057 1397 lapis.

808 1425 886 1487 CXI.

410 1541 486 1599 Cum
501 1539 559 1598 tibi
576 1541 617 1598 sit
630 1539 756 1620 sophiae
770 1558 827 1619 pan
841 1538 921 1597 fama
936 1545 969 1598 et
982 1557 1055 1596 cura
1068 1536 1223 1617 laborum,

451 1624 577 1700 Ingenio
591 1624 691 1702 pietas
705 1642 764 1682 nec
778 1623 879 1681 miuor
893 1624 959 1701 ipsa
978 1641 1047 1682 suo:
1184 1638 1188 1645 ‘

410 1707 535 1785 Ignorat
547 1708 666 1767 meritIs
685 1705 759 1765 dare
774 1724 917 1784 munera,
940 1707 991 1783 qui
1004 1706 1063 1765 tibi
1076 1703 1191 1767 librum

451 1792 492 1850 ut
507 1791 559 1868 qui
573 1791 716 1867 miratur,
737 1788 873 1869 Regula,
892 1788 1050 1850 turadari.

794 1924 884 1984 oxu.

410 2036 486 2096 Cum
501 2042 533 2097 te
546 2055 609 2095 non
622 2055 760 2113 nossem,
781 2035 934 2096 dominum
949 2055 1116 2116 regemque
1129 2038 1288 2098 vocabam:

451 2119 538 2180 Nunc
553 2123 633 2181 bene
647 2129 679 2181 te
695 2122 779 2181 novi:
800 2121 860 2179 iam
876 2121 951 2180 mihi
965 2120 1090 2180 Priscus
1104 2123 1177 2184 eris.

792 2234 896 2294 CXIII.

411 2332 619 2409 Quaecunque
633 2329 695 2391 lusi
709 2331 829 2391 iuvenis
843 2337 875 2391 et
889 2349 967 2411 puer
983 2330 1135 2410 quondam

410 2415 587 2495 Apinasque
602 2420 738 2492 nostras,
762 2434 835 2492 quas
850 2433 908 2474 nec
922 2417 989 2495 ipse
1003 2417 1063 2477 iam
1076 2417 1164 2494 novi,

410 2497 496 2559 Male
513 2496 668 2558 collocare
686 2499 712 2558 si
726 2500 821 2558 bonas
837 2498 922 2560 volas
937 2501 1030 2560 horas

410 2583 452 2642 ut
465 2582 617 2643 invidebis
632 2583 695 2641 otio
711 2588 782 2660 tuo,
802 2583 920 2662 lector,
1012 2582 1014 2589 '

389 2668 438 2726 5A
452 2664 618 2728 Valeriano
633 2664 722 2725 Polio
737 2673 827 2746 petes
843 2668 974 2745 Quinto,

409 2751 472 2810 Per
487 2769 578 2830 quem
591 2752 696 2831 perire
711 2770 773 2810 non
786 2750 864 2828 licet
877 2752 953 2811 meis
968 2751 1065 2829 nugis.

791 2885 902 2948 cXIV:

410 2999 475 3057 llos
489 2999 546 3058 tibi
561 2999 694 3077 vicinos,
711 2999 876 3079 Faustine,
899 2999 1113 3081 Telesphorus
1126 3002 1237 3062 hortos

451 3083 584 3142 Faenius
601 3088 633 3143 et
647 3085 742 3143 breve
760 3105 812 3144 rus
828 3083 949 3163 udaque
962 3090 1051 3165 prata
1065 3092 1162 3149 tenet.

314 3174 323 3193 ·
410 3167 558 3227 Condidit
573 3168 624 3227 hic
637 3175 726 3227 natae
742 3170 864 3228 cineres
879 3188 1053 3248 nomenque
1068 3171 1199 3230 sacravit

452 3251 541 3327 Quod
554 3249 634 3330 legis
648 3251 809 3330 Antullae,
829 3250 950 3329 dignior
964 3254 1031 3332 ipse
1045 3251 1118 3332 legi.

389 3334 461 3394 ond
475 3336 600 3414 Stygias
615 3355 744 3414 aequum
760 3337 862 3396 fuerat
877 3342 967 3414 pater
981 3339 1058 3396 isset
1071 3344 1106 3398 ut
1123 3339 1261 3399 umbras:

452 3418 541 3494 Quod
556 3420 701 3498 quianon
714 3418 819 3496 licuit,
838 3421 935 3497 vivat,
954 3427 989 3480 ut
1003 3441 1071 3482 ossa
1086 3420 1176 3482 colat.

799 3532 891 3595 CXV.
908 3577 910 3581 ,

411 3626 565 3701 Quaedam
579 3649 628 3689 me
643 3631 743 3710 cupit,
761 3631 866 3690 invide
879 3629 1032 3709 Procille,
1111 3700 1118 3707 ,

408 3711 487 3771 Loto
502 3711 661 3773 candidior
675 3713 779 3795 puella
795 3735 908 3799 cygno,
999 3755 1006 3767 „
