3267 4409
323 443 386 508 120
654 444 699 507 Μ.
715 444 807 507 VAL.
824 444 1049 509 mannitus

821 595 870 657 Ll.

410 713 487 790 Hic,
511 713 564 790 qui
575 707 693 770 libellis
707 728 907 790 praegravem
924 710 1005 788 gerit
1021 709 1154 792 laevam,

410 796 606 860 Notariorum
626 813 717 873 quem
730 796 846 874 premit
860 794 972 852 chorus
986 792 1082 874 levis,

412 881 471 956 Qui
486 877 638 939 codicillis
653 879 725 938 hinc
745 884 777 937 et
791 877 864 937 inde
878 876 1008 958 prolatis

411 962 621 1044 Epistulisque
639 961 810 1021 commodat
825 960 1080 1039 gravemuoltum

389 1046 530 1112 bsimilis
546 1048 656 1108 Catoni
673 1044 842 1123 Tullioque
857 1046 1031 1124 Brutoque,

411 1133 611 1213 Exprimere,
633 1130 731 1208 Rufe,
751 1128 896 1211 fidiculae
909 1127 987 1189 licet
1001 1136 1128 1210 cogant,

321 1252 324 1257 ·
411 1218 477 1277 Ave
492 1216 650 1291 Latinum,
665 1209 834 1291 pocior-nou
847 1218 953 1294 potest
968 1214 1130 1279 Graecum.

412 1301 446 1361 Si
460 1301 579 1378 fingere
594 1297 678 1357 istud
694 1316 744 1357 me
758 1302 863 1377 putas,
885 1297 1059 1359 salutemus.

814 1431 876 1492 LII.

413 1531 497 1608 Quae
514 1532 589 1591 mihi
603 1531 799 1612 praestiteris
816 1532 941 1591 memini
960 1549 1145 1611 semperque
1157 1533 1287 1594 tenebo.

454 1616 517 1675 cur
531 1617 625 1693 igitur
639 1621 744 1692 taceo,
765 1615 934 1675 Postume?
967 1617 1015 1676 Tu
1029 1614 1177 1695 loqueris.

411 1698 527 1779 Incipio
544 1700 686 1777 quotiens
701 1698 790 1758 alicui
805 1705 857 1759 tua
876 1699 956 1759 dona
969 1701 1109 1777 referre,
1135 1704 1138 1709 '

456 1783 602 1842 Protinus
618 1783 766 1843 exclamat
779 1782 930 1861 „Dixerat
944 1785 1011 1864 ipse
1027 1781 1136 1845 mihi.“

390 1865 484 1928 bNon
499 1866 584 1926 belle
600 1865 747 1944 quaedam
761 1867 880 1925 faciunt
895 1865 971 1926 duo:
983 1868 1108 1929 sufficit
1122 1885 1202 1926 unus

454 1952 535 2010 Huic
549 1952 654 2030 operi:
676 1952 703 2010 si
716 1951 777 2028 vis,
800 1956 835 2009 ut
848 1947 975 2029 loquar,
997 1953 1064 2030 ipse
1081 1956 1161 2010 tace.

414 2034 517 2096 Crede
533 2036 624 2114 mihi,
646 2036 781 2113 quamvis
795 2035 948 2112 ingentia,
970 2032 1134 2119 ¹Postume,
1157 2032 1238 2095 dona

453 2120 598 2179 Auctoris
613 2124 747 2199 pereunt
761 2116 944 2197 garrulitate
959 2120 1016 2180 sul.

415 2348 565 2412 Colchida
581 2349 655 2430 quid
670 2349 796 2428 scribis,
814 2349 889 2430 quid
903 2349 1029 2425 scribis,
1048 2349 1325 2431 amice,.Thyeste

456 2435 522 2510 Quo
537 2437 595 2495 tibi
610 2433 659 2494 vel
673 2435 811 2511 Nioben,
833 2436 944 2511 Basse,
965 2432 1016 2492 vel
1030 2433 1305 2497 Andromachen?

412 2517 546 2577 Materia
562 2526 625 2596 est,
647 2518 851 2596 mihicrede,
872 2518 934 2577 tuis
952 2518 1107 2597 aptissima
1121 2519 1238 2580 chartis

456 2602 641 2681 Deucalion,
663 2601 713 2662 vel
730 2603 830 2662 sinon
845 2600 948 2682 placet
961 2602 1030 2679 hic,
1050 2602 1223 2664 Phaethon.

808 2726 885 2789 LIV.

411 2823 637 2902 Extemporalis
652 2826 750 2885 factus
766 2831 814 2884 est
828 2843 914 2884 meus
927 2826 1051 2884 rhetor:

414 2906 616 2989 Calpurnium
630 2928 693 2968 non
708 2910 850 2989 scripsit,
872 2915 905 2970 et
920 2907 1071 2969 salutavit.

816 3043 882 3105 LV.

412 3141 468 3199 Dic
481 3141 566 3218 mihi,
582 3159 673 3219 quem
685 3148 802 3221 portas,
817 3140 976 3202 volucrum
987 3140 1116 3219 regina?
1138 3139 1325 3219 „Tonanten

453 3224 546 3284 Nulla
560 3244 651 3284 manu
666 3245 760 3304 quare
776 3225 905 3285 fulmina
920 3226 1041 3304 gestat?
1073 3225 1218 3303 „Amat.“

309 3352 312 3357 -
413 3309 480 3384 Quo
497 3307 579 3368 calet
592 3310 663 3387 igne
680 3309 778 3370 deus?
804 3311 954 3390 „Pueri.“
985 3311 1048 3370 Cur
1063 3310 1145 3379 mitis
1162 3316 1274 3389 aperto

453 3393 595 3471 Respicis
614 3412 668 3453 ore
682 3394 807 3454 lovem?
834 3395 901 3472 „De
919 3393 1097 3473 Ganymede
1110 3390 1261 3473 loquor.“

807 3513 833 3571 L
853 3515 886 3574 ⁷.

412 3607 604 3684 cartusiae,
625 3610 727 3690 Lupe,
747 3513 1022 3690 filiumlllmgism’

413 3691 541 3768 Quaeris
557 3691 708 3755 sollicitus
725 3694 777 3754 diu
792 3713 954 3774 rogasque.
