3267 4409
650 479 696 542 Μ.
706 477 800 542 VAL.
812 476 1038 543 MARTIALIS

778 683 913 746 LXXXI.

408 801 523 860 Lector
537 804 570 857 et
586 795 707 857 auditor
718 802 843 856 nostros
857 797 985 876 probat,
1006 794 1102 876 Aule,
1123 797 1266 881 libellos,

410 932 412 937 .
450 880 514 942 Sed
529 880 652 961 quidam
667 886 790 941 exactos
808 899 877 941 esse
891 887 984 960 poeta
996 888 1098 959 negat.
1119 946 1122 950 ,

408 969 476 1029 Non
491 967 618 1026 nimium
632 985 723 1025 curo:
740 985 809 1024 narn
826 983 920 1024 cenae
934 965 1055 1024 fercula
1068 972 1207 1028 nostrae'

449 1049 558 1113 Malim
573 1049 706 1110 convivis
722 1069 809 1127 quarn
824 1047 976 1129 placuisse
992 1051 1083 1112 cocis.

661 1214 671 1237 t
771 1179 919 1244 LXXXII.

373 1302 375 1307 ’
410 1301 536 1379 Dixerat
551 1284 724 1374 astrologus
738 1297 909 1374 periturum
925 1302 957 1355 te
973 1297 1050 1375 cito,
1072 1292 1206 1378 Munna,

449 1384 531 1460 Nec,
552 1388 645 1461 puto,
666 1383 813 1440 mentItus
831 1379 950 1440 dixerat
963 1379 1017 1440 ille
1033 1383 1099 1446 tibi.

236 1512 241 1528 ,
284 1470 286 1475 ’
349 1539 351 1541 ,
409 1469 486 1528 Nam
502 1466 620 1526 tadum
636 1467 765 1543 metuis,
786 1484 827 1524 ne
844 1464 917 1544 quId
931 1471 1003 1545 post
1017 1465 1080 1526 fata
1094 1463 1269 1548 relinquas,

450 1551 589 1612 Hausisti
603 1551 719 1629 patrias
733 1549 909 1609 luxuriosus
926 1569 1017 1629 opes,
1114 1624 1116 1629 .
1177 1629 1180 1632 ἱ

389 1637 525 1714 ollisque
540 1640 624 1692 tuum
644 1633 769 1698 deciens
783 1653 846 1693 non
862 1640 926 1692 toto
945 1635 1044 1694 tabuit
1062 1654 1156 1695 anuo:

451 1722 508 1780 Dic
526 1719 617 1797 mihi,
633 1737 696 1776 non
710 1719 769 1777 hoc
785 1727 854 1796 est,v
871 1717 1004 1799 Munna,
1025 1711 1132 1809 pe'rire
1146 1720 1231 1780 cito?

760 1830 934 1916 Lxxxru(

409 1969 495 2028 Inter
508 1973 592 2028 tanta
606 1973 676 2028 tuae
691 1965 852 2044 miracula,
875 1967 1006 2045 Caesar,
1027 1968 1179 2048 harenae,
1243 2010 1246 2015 -
1307 2016 1313 2031 ,

451 2055 535 2130 Quae
549 2053 644 2112 vincit
659 2058 799 2112 veterum
814 2070 940 2111 munera
955 2051 1039 2111 clara
1057 2050 1184 2130 ducum,

409 2137 542 2199 Multum
558 2137 656 2213 oculi,
677 2136 733 2197 sed
746 2136 815 2217 plus
831 2155 920 2196 aures
936 2135 1052 2196 debere
1066 2137 1205 2211 fatentur

452 2223 492 2282 Se
507 2222 582 2299 tibi,
606 2221 687 2301 quod
703 2227 844 2302 spectant
859 2223 911 2300 qui
926 2221 1060 2281 recitare
1075 2219 1188 2306 solent,

756 2355 920 2418 LXXXIV.

409 2470 485 2529 Cum
501 2475 552 2529 tua
567 2465 735 2546 sacrilegos
751 2473 874 2544 contra,
896 2468 1055 2545 Norbana,
1078 2466 1201 2529 furores

454 2554 560 2613 Staret
573 2572 630 2631 pro
647 2551 769 2610 domino
785 2553 918 2612 Caesare
934 2558 1038 2612 sancta
1052 2552 1149 2630 lides3

409 2639 495 2698 Haec
511 2655 568 2715 ego
583 2637 687 2694 Pieria
701 2634 845 2694 ludebam
860 2641 944 2695 tutus
958 2638 990 2695 in
1006 2639 1129 2714 umbra,

453 2720 511 2781 Ille
526 2728 597 2786 tuae
611 2718 712 2779 cultor
726 2726 818 2778 notus
835 2722 995 2799 amicitiae.

388 2806 466 2868 5Me
483 2807 538 2864 tibi
553 2803 725 2868 Vindelicis
736 2804 851 2884 Raetus
867 2807 1011 2864 narrabat
1025 2806 1057 2864 in
1075 2805 1154 2884 oris,

449 2889 559 2950 Nescia
573 2909 631 2949 nec
645 2890 743 2949 nostri
760 2890 891 2948 nominis
907 2890 1017 2949 Arctos
1036 2895 1112 2951 erat.

410 2975 435 3036 0
452 2977 595 3054 quotiens
609 2981 747 3034 veterem
761 2992 824 3032 non
838 2974 990 3033 Inficiatus
1007 2975 1134 3034 amicum
1185 3010 1188 3015 ·

450 3060 560 3120 Dixisti
575 3059 688 3136 „Meus
705 3064 753 3118 est
768 3059 829 3118 iste
842 3065 950 3137 poeta,
971 3058 1093 3117 meus!“

409 3145 507 3204 Omne
522 3146 580 3225 tibi
594 3148 738 3203 nostrum
749 3141 832 3220 quod
846 3145 893 3202 bis
908 3140 1072 3202 trieteride
1086 3143 1191 3204 iuncta

366 3239 401 3292 10
446 3230 529 3289 Ante
544 3229 636 3288 dabat
649 3215 767 3305 lector',
790 3226 972 3312 nuucldabit
987 3233 1092 3287 auctor
1108 3246 1195 3308 opus.

764 3360 920 3423 LXXXV.

406 3475 593 3553 Languidior
606 3481 714 3534 noster
729 3475 755 3534 si
770 3473 890 3553 quando
906 3480 955 3533 est
969 3472 1098 3551 PauluS‚
1120 3472 1213 3552 Atili,

449 3561 517 3619 Non
534 3579 584 3637 se,
606 3561 745 3618 convivas
762 3560 897 3618 abstinet
912 3558 969 3618 ille
982 3579 1062 3621 suos.

408 3643 436 3703 Τ
438 3663 457 3702 u
470 3640 619 3721 languore
634 3641 756 3721 quidem
771 3644 872 3703 subito
887 3644 1022 3722 fictoque
1036 3640 1176 3721 laboras,

448 3727 512 3788 Sed
527 3747 595 3788 mea
607 3728 748 3810 porrexit
762 3727 918 3809 sportula,
940 3726 1052 3807 Paule,
1069 3724 1177 3808 pedes.
