3267 4409
512 451 850 517 EPIGRAMMATON
864 453 941 515 LIB.
954 454 1034 520 Vlll.
1228 455 1289 522 181

721 655 819 720 XXV.

334 770 451 837 Vidisti
466 768 578 848 semel,
602 769 757 851 Oppiaue,
779 776 898 831 tantum

335 852 473 937 Aegrum
488 873 538 915 me
552 853 646 916 male:
667 873 760 936 saepe
776 861 809 916 te
823 854 945 918 videbo.

721 988 831 1051 XXVI.

333 1106 404 1167 Non
416 1109 465 1166 tot
478 1104 509 1163 iu
525 1103 599 1166 Eois
615 1102 717 1163 timuit
732 1104 919 1183 Gangeticus
934 1107 1014 1166 arvis

378 1191 512 1269 Raptor,
534 1189 568 1247 in
582 1188 727 1266 Hyrcano
743 1189 795 1266 qui
808 1189 889 1267 fugit
902 1189 988 1250 albus
1004 1208 1100 1269 equo,

333 1275 419 1351 Quot
432 1277 484 1332 tua
497 1272 593 1333 Roma
606 1292 700 1332 novas
714 1273 808 1351 vidit,
830 1274 1029 1354 Germanice,
1050 1276 1163 1355 tigres.

376 1355 509 1417 Delicias
523 1357 625 1437 potuit
638 1374 697 1416 neo
710 1375 873 1417 numerare
887 1378 965 1419 suas.

310 1441 440 1504 evincit
452 1441 643 1521 Erythraeos
656 1448 724 1517 tua,
743 1441 872 1520 Caesar,
895 1444 1011 1503 harena
1024 1443 1196 1526 triumphos

376 1526 418 1586 Et
433 1525 561 1585 victoris
575 1543 650 1606 opes
667 1523 849 1605 divitiasque
867 1525 928 1590 dei.

335 1609 413 1670 Nam
428 1628 496 1669 cum
511 1610 646 1690 captivos
662 1615 769 1687 ageret
784 1611 840 1668 sub
856 1611 996 1671 curribus
1010 1608 1119 1690 Indos,

377 1693 549 1755 Contentus
564 1694 684 1772 gemina
698 1692 813 1772 tigride
827 1695 965 1756 Baoehus
980 1701 1056 1758 erat.

579 1844 586 1867 ⁵
710 1828 833 1892 XXVII.

335 1939 468 2002 Munera
483 1958 536 2018 qur
526 1939 608 2000 'tibi
622 1938 675 2001 dat
688 1938 854 2022 loeupleti,
876 1942 996 2020 Gaura,
1018 1941 1164 2023 senique,

378 2024 437 2085 Si
427 2025 508 2104 sapis
523 2030 556 2084 et
570 2026 684 2105 sentis,
705 2025 765 2086 hoo
780 2028 839 2086 tibi
853 2028 897 2086 ait
909 2026 1067 2107 „Mores-e.
1069 2026 1092 2063 ‘⁴

703 2173 839 2236 XXVIII.

335 2289 409 2366 Die,
431 2293 518 2366 toga,
538 2285 664 2365 ineundi
679 2294 797 2366 gratnm
812 2285 887 2345 mihi
902 2304 1010 2346 munus
1026 2287 1133 2367 amici,
1169 2323 1173 2332 ·

376 2373 455 2434 Esse
468 2372 544 2432 velis
560 2373 644 2431 ouius
659 2373 738 2432 fama
753 2371 909 2450 decusque
925 2371 1051 2448 gregis?

335 2455 458 2537 Appula
468 2455 584 2516 Ledaei
602 2457 658 2517 tibi
672 2458 779 2518 floruit
794 2457 892 2516 herba
905 2453 1087 2534 Phalanthi,

379 2540 445 2616 Qua
460 2545 576 2600 saturat
591 2540 730 2602 Calabris
746 2540 828 2601 culta
845 2538 994 2600 Galaesus
1011 2539 1120 2622 aquis?

313 2625 385 2686 5Αιι
402 2625 614 2684 'l'artessiaous
632 2624 744 2686 stabuli
758 2625 893 2685 nutritor
908 2625 1020 2685 Hiberi

379 2709 482 2769 Raetis
496 2709 530 2768 in
543 2709 697 2789 Hesperia
710 2716 742 2769 te
759 2727 882 2789 quoque
895 2707 971 2769 lavit
987 2709 1066 2769 ove?

334 2794 383 2852 An
398 2800 450 2853 tua
464 2791 646 2853 multifidum
661 2795 833 2853 numeravit
845 2792 916 2854 lana
931 2793 1106 2870 Timavum,
1163 2862 1168 2867 ¹

379 2877 477 2953 Quem
492 2877 561 2958 pius
576 2877 720 2937 astrifero
735 2875 880 2957 Cyllarus
896 2895 951 2937 ore
966 2877 1068 2943 bibiti

331 2960 386 3033 ‘Te
399 2979 458 3021 nee
471 2960 637 3040 Amyclaeo
654 2961 758 3021 decuit
771 2963 869 3022 livere
884 2978 1020 3040 veneno,

294 3054 329 3107 10
376 3045 442 3106 Neo
456 3044 583 3106 Miletos
597 3049 665 3105 erat
677 3042 798 3104 vellere
813 3043 905 3122 digna
919 3051 983 3106 tuo.

335 3127 417 3189 Lilia
431 3136 464 3188 tu
480 3130 577 3189 vincis
590 3148 649 3190 nec
664 3127 762 3188 adhuc
778 3125 904 3207 delapsa
918 3127 1065 3206 ligustra,

377 3215 419 3273 Et
433 3213 598 3273 Tiburtino
613 3219 717 3288 monte
733 3210 816 3291 quod
828 3211 912 3272 albet
925 3212 1012 3272 ebur.

276 3341 280 3345 -
337 3297 505 3378 Spartanus
519 3298 576 3357 tibi
590 3296 683 3358 cedet
698 3295 766 3357 olor
779 3296 976 3375 Politiaeque
990 3290 1166 3370 columbae,

379 3380 483 3442 Cedet
495 3382 677 3460 Erythraeis
693 3387 781 3441 eruta
796 3399 914 3459 gemma
927 3377 1022 3442 vadis.
1113 3402 1119 3415 ι

298 3473 330 3526 15
338 3464 401 3526 Sed
413 3464 491 3525 licet
503 3466 580 3525 haec
594 3466 701 3545 primis
716 3467 837 3524 nivibus
852 3466 914 3524 sint
928 3459 1047 3523 aemulo
1061 3460 1158 3540 dona,

378 3551 448 3610 Nou
462 3556 534 3609 sunt
546 3551 714 3610 Parthenio
730 3547 908 3609 candidiora
922 3566 987 3611 suo.

337 3632 404 3694 Non
418 3652 476 3712 ego
491 3632 693 3715 praetulerim
706 3632 881 3713 Babylonos
895 3633 978 3712 pinta
992 3630 1158 3719 superbae

290 3740 292 3758 =
378 3718 494 3799 Iexta,
515 3718 694 3779 Semiramio
710 3736 787 3796 quae
801 3718 958 3778 variantur
973 3734 1045 3792 aeu,
1164 3739 1167 3743 ·
