3267 4409
362 451 401 516 18
682 462 718 510 n.
740 461 811 509 mu.
832 459 1020 510 munimus

359 605 416 666 Dat
437 619 565 682 poenas,
586 606 702 667 noctem
720 600 827 678 patitur
847 598 976 677 lugentis.
993 599 1115 661 amicum

359 687 493 763 Pelidae,
516 685 602 746 cubat
622 686 650 744 in
672 685 792 759 faciem,
815 701 884 743 mox
900 684 1004 745 deinde
1025 684 1154 762 supinus.
1297 696 1352 755 πω

358 771 440 847 Ergo
462 787 520 829 nou
539 770 623 829 aliter
644 769 752 847 poterit
774 765 922 828 dormire?
951 766 1129 841 Quibusdam

360 857 495 917 Somnum
518 854 581 913 rixa
603 852 687 912 lacit:
710 850 763 912 sed
782 852 912 929 quamvis
933 851 1082 929 improbus
1102 852 1185 913 annis

359 938 457 1017 Atque
480 955 559 997 mero
580 934 698 996 fervens
719 944 804 995 cavet
824 935 917 1011 hunc,
941 952 1026 1013 quem
1049 938 1170 999 coccina
1190 937 1279 1001 laena

358 1022 450 1082 Vitari
466 1021 545 1080 iubet
566 1028 595 1079 et
615 1020 748 1080 comitum
770 1019 956 1095 longissimus
978 1019 1062 1094 ordo,

358 1104 478 1166 Multum
499 1113 652 1183 praeterea
674 1102 848 1163 flammarum
870 1112 899 1161 et
913 1120 1012 1163 aenea
1034 1101 1159 1181 lampas;
1298 1116 1352 1173 285

358 1189 425 1266 lle,
450 1206 536 1266 quem
555 1188 621 1249 luna
643 1187 720 1246 solet
741 1186 888 1246 deducere
909 1186 959 1247 vel
977 1186 1068 1247 breve
1089 1186 1187 1248 lumen

360 1271 525 1348 candelae,
548 1273 629 1332 cuius
651 1271 789 1348 dispenso
812 1278 842 1329 et
860 1278 992 1348 tempero
1014 1270 1103 1345 iilum,
1256 1274 1260 1279 '

361 1355 533 1417 Contemnit.
570 1354 705 1414 lliserae-
718 1370 869 1431 cognosce
890 1356 1040 1432 prooemia
1062 1356 1155 1431 rixae,

360 1441 391 1501 Si
410 1442 473 1500 rixa
491 1449 552 1516 est,
575 1437 630 1498 ubi-
645 1448 681 1498 tu·
696 1438 812 1516 pulsas,
831 1454 889 1514 ego
910 1437 1017 1517 vapulo
1038 1446 1155 1498 tantum.

359 1524 423 1583 Stat
445 1532 544 1583 contra
568 1524 694 1601 starique
717 1520 811 1581 iubet:
834 1539 940 1599 parere
960 1539 1086 1583 necesse
1108 1532 1169 1592 est;
1300 1536 1353 1593 290

358 1606 431 1667 Nam
453 1607 520 1684 quid
540 1623 630 1682 agas,
655 1623 739 1684 quum
761 1614 790 1664 te
812 1605 939 1665 furiosus
961 1614 1049 1682 cogat
1070 1607 1194 1668 elidem

359 1687 496 1750 Fortior?
538 1688 621 1748 Unde
642 1684 745 1748 venis?
764 1688 920 1758 exclamat;
944 1690 1026 1749 cuius
1048 1699 1146 1765 aceto,

361 1772 449 1834 Cuius
470 1772 581 1833 conche
604 1769 717 1832 tumes?
740 1774 804 1851 quis
826 1780 922 1833 tecum
941 1772 1045 1833 sectile
1066 1791 1184 1853 porrum

359 1858 447 1918 Sutor
470 1866 499 1918 et
519 1857 587 1916 elini
609 1858 742 1916 vervecis
765 1855 848 1916 labra
871 1852 1017 1919 comedit?

357 1940 406 2002 Nil
427 1942 495 2002 mihi
517 1937 702 2021 respondes?
721 1949 769 2000 aut
790 1940 837 2000 dic
860 1949 908 2000 aut
928 1940 1030 2019 accipe
1052 1940 1193 2001 calceml-
1300 1954 1351 2011 aas

357 2024 422 2085 Ede
442 2024 491 2084 uhi
510 2026 668 2094 consistam
690 2025 718 2082 in
741 2041 798 2102 qua
820 2031 849 2083 te
872 2040 982 2102 quaero
1001 2022 1249 2102 proseuouat...

357 2108 465 2169 Dicere
486 2111 511 2168 si
531 2117 655 2188 temptes
676 2108 785 2186 aliquid
805 2108 948 2169 tacitusve
969 2108 1104 2184 recedas,

358 2192 545 2253 Tantundem
567 2203 627 2253 est:
650 2193 758 2252 feriunt
779 2192 906 2269 pariter,
928 2192 1089 2253 vadimonia
1110 2192 1219 2253 deinde

357 2276 426 2337 lrati
447 2278 568 2346 faciunt;
589 2277 710 2337 libertas
732 2277 869 2354 pauperis
891 2275 965 2335 haec
986 2284 1048 2336 est:

357 2360 491 2421 Pulsatus
513 2369 598 2437 rogat
618 2370 647 2420 et
669 2361 772 2438 pugnis
789 2360 930 2427 ¹concisus
948 2359 1059 2435 adorat,
1299 2373 1350 2429 auu

358 2443 396 2504 Ut
417 2444 505 2504 liceat
523 2445 624 2521 paucis
647 2462 709 2503 cum
729 2441 862 2503 dentibus
883 2442 950 2503 inde
970 2444 1088 2503 reverti.

357 2526 422 2586 Nec
438 2536 533 2585 tamen
553 2526 627 2586 haee
649 2536 755 2587 tantum
775 2534 902 2597 metuam
923 2544 987 2588 uum
1008 2528 1056 2605 qui
1078 2528 1190 2605 spoliet
1212 2538 1245 2591 te

357 2609 425 2669 Non
446 2609 556 2685 deerit,
580 2609 686 2669 clausis
709 2611 841 2670 domibus
860 2618 1014 2689 postquam
1036 2611 1127 2671 omnis
1147 2612 1262 2693 ubique

358 2691 431 2752 Fixa
456 2699 605 2752 catenatae
628 2692 705 2753 siluit
727 2711 870 2773 compago
889 2694 1038 2755 tabernae.

358 2775 503 2835 interdum
526 2786 555 2836 et
573 2776 653 2836 lerro
677 2777 786 2837 subitus
805 2786 957 2854 grassator
976 2779 1036 2856 agit
1056 2796 1135 2839 rem:
1299 2790 1350 2847 aas

358 2859 478 2918 Armate
501 2861 615 2938 quoties
636 2869 715 2921 tutae
732 2862 854 2921 custode
874 2870 1008 2922 tenentur

359 2941 397 3003 Et
415 2943 563 3021 Pomptina
582 2945 666 3025 palus
689 2956 718 3006 et
738 2944 894 3007 Gallinaria
915 2946 1010 3024 pinus,

359 3028 409 3088 Sic
432 3026 497 3087 inde
516 3029 571 3089 lruc
594 3046 694 3089 omnes
716 3039 860 3108 tamquam
878 3029 915 3090 ad
933 3028 1043 3089 vivaria
1065 3038 1196 3097 currunt.

359 3109 423 3183 Qua
442 3111 563 3187 fornace
583 3131 708 3191 graves,
730 3131 786 3192 qua
807 3129 865 3172 non
885 3113 989 3174 incude
1007 3108 1151 3174 catenae?

357 3191 497 3255 Maximus
519 3198 547 3255 in
567 3198 672 3257 vinclis
691 3198 762 3257 ferri
782 3197 901 3274 modus,
920 3206 951 3258 ut
971 3199 1091 3272 timeas,
1113 3214 1153 3257 ne
1300 3208 1350 3265 alo

356 3277 468 3341 Vomer
490 3281 622 3359 deficiat,
643 3299 681 3341 ne
698 3298 810 3341 marrae
833 3289 862 3341 et
882 3281 997 3342 sarcula
1019 3280 1124 3341 desint.

356 3360 473 3424 Felices
496 3382 671 3443 proavorum
694 3374 812 3441 atavos,
834 3364 933 3425 felicia
952 3364 1034 3427 dicas

357 3446 482 3524 Secula,
507 3466 580 3526 quae
603 3449 746 3527 quondam
767 3448 820 3509 sub
840 3448 958 3525 regibus
979 3458 1067 3527 atque
1088 3446 1215 3511 tribunis

357 3526 499 3590 Viderunt
520 3550 577 3591 uuo
599 3542 762 3594 contentam
785 3551 905 3595 carcere
928 3533 1058 3593 Romam.

400 3611 451 3671 llis
471 3614 542 3674 alias
564 3626 695 3694 poteram
719 3626 748 3685 ω
771 3617 872 3695 plures
893 3617 1068 3678 subnectere
1091 3633 1214 3681 causas:
1302 3624 1345 3685 su

360 3694 419 3757 Sed
440 3697 565 3759 iumenta
584 3708 706 3778 vocant,
730 3710 760 3762 et
778 3701 825 3761 sol
846 3700 977 3772 inclinat;
998 3700 1124 3763 eundum
1146 3712 1206 3767 ost.
