3267 4409
518 481 862 548 EPIGRAMMATON
875 483 949 547 LIB.
964 483 1043 550 XIII.
1235 485 1297 551 313

577 685 625 746 LI.
653 685 829 764 Turdorum
844 686 979 748 decurio.

345 799 444 860 Texta
461 800 540 859 rosis
555 799 688 858 fortasse
700 799 759 858 tibi
771 796 822 858 vel
837 798 931 874 divite
946 798 1059 879 nardo,

384 883 426 942 At
441 884 519 944 mihi
534 882 573 942 de
587 881 687 942 turdis
701 882 783 942 fecto
797 900 911 942 corone
923 881 1036 963 placet.
1082 927 1086 932 -

670 1010 733 1072 LII.
754 1012 879 1072 Anates.
994 1044 997 1050 ·

344 1107 426 1170 Toto
442 1108 565 1188 quidem
579 1115 711 1188 ponatur
725 1130 814 1185 enon
836 1107 892 1168 sed
905 1091 1034 1189 pectore
1048 1114 1166 1173 tentum

384 1194 427 1252 Et
444 1194 565 1254 cervice
580 1195 674 1274 sapit:
697 1200 803 1254 cetera
820 1191 919 1252 redde
938 1211 1022 1255 coco.

649 1320 724 1381 LIII.
752 1319 912 1380 Turtmes.

344 1418 421 1478 Cum
435 1418 558 1499 pinguis
572 1418 648 1478 mihi
661 1423 766 1477 turtur
780 1418 858 1494 erit,
879 1415 997 1476 loctncs
1009 1415 1142 1499 valebis,
1249 1424 1253 1429 '

385 1504 427 1563 Et
442 1500 587 1564 cochleas
602 1503 660 1563 tibi
673 1502 762 1562 habe.
792 1498 933 1561 Perdere
946 1496 1019 1560 nolo
1034 1501 1154 1565 famem.

677 1627 757 1692 LIV.
775 1627 903 1700 Perna:

347 1685 518 1787 derretono
532 1727 608 1786 mihi
621 1727 676 1787 {int
691 1726 741 1787 vel
755 1727 847 1786 misso
860 1723 969 1806 licebit
1055 1803 1057 1807 ,

386 1811 433 1870 De
447 1811 605 1892 Menapis:
623 1808 699 1871 lauti
716 1809 756 1870 de
772 1816 921 1890 petasone
934 1815 1053 1871 vorent.

675 1935 740 1999 LV.
763 1935 888 2010 Petaso.

345 2033 491 2094 Mussteu
507 2037 570 2091 est:
591 2051 743 2112 propero,
765 2051 853 2092 coros
869 2050 927 2090 nec
942 2030 1036 2092 differ
1050 2033 1171 2096 amicos.

385 2117 461 2177 Nam
475 2116 551 2175 mihi
565 2120 632 2175 cum
647 2116 749 2177 vetulo
767 2117 808 2175 sit
821 2121 970 2194 petasone
985 2114 1071 2178 nihil.
1167 2134 1170 2141 ’
1285 2124 1288 2131 '

677 2242 754 2305 LVI.
780 2241 887 2303 Volva.

345 2340 393 2401 Te
407 2340 540 2401 fortasse
554 2341 649 2419 magis
665 2341 766 2420 capiat
780 2339 819 2400 de
835 2340 954 2418 virgine
968 2359 1079 2421 porco;

386 2425 440 2485 Me
456 2430 594 2484 materno
611 2426 695 2504 gravi
710 2424 750 2484 do
765 2443 820 2484 sue
835 2422 924 2484 volva
938 2425 1029 2505 cepit

638 2551 729 2614 LVII.
753 2550 926 2613 Colocasia.

343 2649 495 2711 Niliacum
510 2649 627 2711 ridebis
645 2648 711 2709 olus
728 2648 876 2728 lanasque
892 2667 1057 2730 sequaces,

386 2735 526 2816 Improba
540 2754 608 2794 oum
620 2754 725 2794 morsu
738 2735 791 2794 fiIo
805 2753 957 2814 manuque
971 2733 1086 2795 trahes.
1174 2818 1177 2825 ⁴
1212 2741 1218 2748 ‘

564 2860 669 2923 LVIII.
690 2860 782 2922 Iecur
795 2862 988 2948 onsort'rmm.
1040 2873 1043 2877 ’

345 2967 477 3045 Aspice,
500 2987 589 3046 quom
604 2973 721 3026 tumeat
734 2986 843 3051 magno
861 2967 956 3032 iecur,
964 2986 1074 3029 ansere
1088 2969 1199 3030 moins!

385 3050 517 3110 Miratus
531 3051 631 3114 dices:
652 3051 757 3128 „Hoc,
778 3068 871 3127 rogo,
893 3051 991 3112 crevIt
1004 3051 1100 3112 abtim

671 3177 749 3238 LIX.
774 3177 885 3238 Glires.

344 3288 426 3350 Toto
440 3288 515 3349 mihi
530 3288 682 3348 dormitur
695 3290 795 3348 hiems
810 3294 843 3348 et
856 3289 1001 3368 pingnIor
1014 3287 1070 3350 illo

386 3372 544 3453 Tempore
558 3391 639 3451 sum,
658 3393 718 3451 quo
734 3392 783 3432 me
798 3371 843 3432 nil
856 3374 916 3434 nisi
931 3391 1055 3434 somnus
1070 3372 1135 3436 alit.

680 3500 745 3564 LX.
769 3501 921 3566 Cuniculi·

342 3609 466 3672 Gaudet
479 3612 516 3671 In-
526 3585 803 3687 effossisxhabitrre
818 3612 976 3674 cuniculos
990 3615 1097 3679 nntris.
1142 3626 1146 3643 '

383 3695 571 3774 Monstravit
583 3697 846 3807 tacitos'hpstibus
861 3697 918 3759 iIle
932 3699 1005 3759 viss
1168 3690 1175 3699 ’
