3267 4409
326 527 368 593 24
647 524 693 588 M.
708 525 800 589 Van.
815 523 1041 587 MARTIALiS
1121 582 1125 588 .

412 683 464 744 Sic
477 682 684 760 interpositus
692 676 767 739 villo
782 679 970 738 contaminat
982 682 1077 739 uncto

279 761 284 770 ’
388 767 527 829 5Urbica
539 763 726 843 Lingonicus
741 762 947 842 Tyrianthina
960 761 1215 846 bardocucullns,

411 852 463 911 Sic
476 849 642 910 Arretinae
656 848 772 909 violant
785 843 964 925 crystallina
976 852 1105 924 testae,-

381 948 383 953 '
412 934 464 995 Sic
483 935 572 1011 niger
588 934 622 991 in
636 932 714 1011 ripis
730 930 816 990 errat
831 949 899 989 cum
914 929 997 990 forte
1012 929 1153 1009 Caystri,
1251 923 1256 933 ’

291 1042 296 1053 ⁴
411 1019 496 1079 Inter
511 1016 652 1077 Ledaeos
666 1013 788 1074 ridetur
801 1033 910 1072 corvus
925 1010 1045 1089 olores,

411 1102 529 1162 Sicubi
544 1098 708 1160 multisona
720 1099 823 1159 fervet
838 1115 925 1156 sacer
940 1096 1070 1156 Atthide
1082 1095 1189 1177 lucus,

369 1185 549 1265 lolmproba
563 1182 729 1262 Cecropias
744 1180 876 1242 offendit
890 1181 959 1260 pica
973 1179 1138 1259 querellas.

409 1269 515 1332 Indice
528 1287 591 1327 uon
605 1285 680 1344 opus
696 1271 744 1326 est
757 1265 872 1324 uostris
888 1282 946 1322 nee
959 1263 1062 1324 iudice
1071 1265 1185 1343 libris,
1208 1281 1214 1299 ¹

410 1355 479 1415 Stat
492 1357 601 1412 contra
615 1349 825 1429 dicitque'tibi
840 1355 893 1408 tua
909 1349 1020 1429 pagina
1033 1349 1119 1428 „Fur
1134 1349 1202 1412 es.“
1293 1354 1297 1359 '

809 1481 886 1543 LIV.

411 1596 550 1677 Siquid,
571 1599 688 1676 Fusce,
707 1617 795 1657 vacas
810 1595 909 1656 adhuc
926 1597 1021 1656 amari
1033 1628 1077 1642 -

410 1683 487 1743 Nam
501 1688 572 1742 sunt
585 1683 657 1741 hinc
671 1681 746 1758 tibi,
769 1685 885 1740 suntet
899 1681 972 1740 hinc
986 1681 1075 1740 amici
1086 1714 1146 1758 -,

409 1767 528 1844 Unum,
548 1767 576 1826 si
592 1771 751 1845 superest,
771 1762 875 1823 locum
887 1783 1047 1842 rogamus,

409 1850 475 1910 Nec
492 1869 558 1927 me,
581 1847 663 1928 quod
678 1849 737 1908 tibi
751 1848 808 1907 sim
822 1866 936 1924 novus,
958 1865 1102 1908 recuses:

388 1935 526 2002 50mnes
541 1934 601 1992 hoc
614 1937 737 1992 veteres
750 1932 798 2007 tui
810 1931 947 1991 fuerunt.

411 2019 462 2080 Tu
475 2023 593 2076 tantum
606 2016 726 2096 inspice
747 2016 798 2094 qui
813 2033 909 2074 novus
924 2019 1051 2095 paratur
1081 2037 1085 2045 ’

342 2168 344 2183 2
411 2103 459 2162 An
473 2102 572 2181 possit
586 2100 656 2160 lieri
669 2105 757 2161 vetus
774 2097 900 2159 sodalis.

411 2361 492 2424 Vota
506 2364 553 2422 tui
565 2362 704 2422 breviter
719 2362 746 2421 si
759 2361 805 2421 vis
820 2379 1008 2439 cognoscere
1026 2361 1142 2443 Marci,

454 2444 579 2506 Clarum
591 2443 738 2521 militiae,
758 2444 894 2523 Fronto,
916 2450 1069 2524 togaeque
1086 2446 1197 2528 decus,

410 2529 479 2589 Hoc
493 2531 591 2606 petit,
614 2546 683 2587 esse
700 2529 748 2586 sui
762 2547 820 2586 nec
835 2529 936 2606 magui
948 2531 1032 2588 ruris
1046 2537 1167 2610 arator,

454 2610 648 2690 Sordidaque
664 2612 696 2670 in
710 2612 812 2690 parvis
829 2613 892 2671 otia
905 2614 999 2672 rebus
1014 2621 1102 2676 amat.

390 2697 580 2774 5Quisquam
595 2696 678 2775 picta
692 2693 769 2754 colit
788 2695 932 2774 Spartani
948 2696 1067 2775 frigora
1081 2699 1145 2758 saxi

452 2781 494 2840 Et
511 2781 692 2839 matutinum
705 2784 810 2858 portat
823 2779 946 2859 ineptus
960 2781 1042 2859 Ave,

413 2864 471 2924 Cui
485 2863 561 2923 licet
575 2864 691 2922 exuviis
705 2863 840 2922 nemoris
855 2864 998 2942 rurisque
1012 2866 1105 2925 beato
1123 2930 1130 2939 „

454 2949 536 3007 Ante
551 2948 653 3006 focum
667 2945 776 3026 plenas
792 2945 975 3026 explicuisse
989 2946 1095 3029 plagas

410 3033 451 3092 Et
465 3032 583 3108 piscem
596 3029 727 3090 tremula
743 3027 906 3090 salientem
920 3030 1035 3093 ducere
1049 3038 1116 3093 seta

371 3126 406 3177 10
452 3113 608 3193 Flavaque
624 3114 663 3174 de
678 3115 773 3173 rubro
787 3133 932 3194 promere
948 3115 1041 3175 mella
1056 3115 1156 3176 cado?

411 3200 538 3277 Pinguis
552 3197 728 3277 inaequales
743 3204 853 3258 onerat
868 3200 917 3258 cui
929 3197 1020 3260 vilica
1034 3219 1155 3261 mensas
1217 3241 1222 3246 -
1253 3214 1256 3219 '

453 3285 495 3344 Et
510 3303 563 3342 sua
576 3302 638 3342 uon
653 3287 773 3361 emptus
787 3287 951 3361 praeparat
969 3303 1024 3343 ova
1038 3285 1139 3345 ciuis?

411 3367 480 3426 Nou
497 3373 579 3427 amet
592 3368 671 3427 hanc
685 3369 777 3426 vitam
792 3367 929 3443 quisquis
943 3361 993 3426 me
1007 3388 1070 3428 non
1084 3374 1179 3448 amat,
1200 3377 1291 3453 opto,

454 3449 546 3512 Vivat
559 3457 592 3510 et
605 3451 729 3511 urbanis
745 3447 834 3508 albus
847 3449 879 3507 in
897 3449 1017 3514 officiis.

808 3584 887 3647 LVI.

413 3694 575 3754 Continuis
589 3700 695 3754 vexata
709 3693 813 3755 madet
827 3693 980 3756 vindemia
992 3698 1119 3757 nimbis:
1146 3734 1150 3740 ·

452 3776 521 3837 Non
534 3783 640 3858 potes,
660 3785 696 3838 ut
709 3781 831 3859 cupias,
853 3773 1007 3861 vendere,
1029 3800 1124 3862 copo,
1146 3799 1275 3846 merum.
