<?xml version="1.0" encoding="UTF-8"?>
<!DOCTYPE html PUBLIC "-//W3C//DTD XHTML 1.0 Transitional//EN"
    "http://www.w3.org/TR/xhtml1/DTD/xhtml1-transitional.dtd">
<html xmlns="http://www.w3.org/1999/xhtml" xml:lang="en" lang="en">
 <head>
  <title>
</title>
<meta http-equiv="Content-Type" content="text/html;charset=utf-8" />
  <meta name='ocr-system' content='tesseract 3.04.00' />
  <meta name='ocr-capabilities' content='ocr_page ocr_carea ocr_par ocr_line ocrx_word'/>
</head>
<body>
  <div class='ocr_page' id='page_1' title='image "./mvalmartialisep00martgoog_0529.png"; bbox 0 0 3267 4409; ppageno 0'>
   <div class='ocr_carea' id='block_1_1' title="bbox 357 477 1019 540">
    <p class='ocr_par' dir='ltr' id='par_1_1' title="bbox 357 477 1019 540">
     <span class='ocr_line' id='line_1_1' title="bbox 357 477 1019 540; baseline -0.003 0"><span class='ocrx_word' id='word_1_1' title='bbox 357 477 398 540; x_wconf 85' lang='lat'><strong>84</strong></span> <span class='ocrx_word' id='word_1_2' title='bbox 678 488 807 537; x_wconf 81' lang='lat' dir='ltr'><strong>n.1nn.</strong></span> <span class='ocrx_word' id='word_1_3' title='bbox 831 487 1019 538; x_wconf 75' lang='lat' dir='ltr'><strong>mussans</strong></span> 
     </span>
    </p>
   </div>
   <div class='ocr_carea' id='block_1_2' title="bbox 324 624 1347 3820">
    <p class='ocr_par' dir='ltr' id='par_1_2' title="bbox 357 624 1346 774">
     <span class='ocr_line' id='line_1_2' title="bbox 359 624 1346 706; baseline -0.004 -17"><span class='ocrx_word' id='word_1_4' title='bbox 359 629 434 703; x_wconf 80' lang='lat' dir='ltr'><strong>Quid</strong></span> <span class='ocrx_word' id='word_1_5' title='bbox 456 627 564 688; x_wconf 86' lang='lat' dir='ltr'><strong>sentire</strong></span> <span class='ocrx_word' id='word_1_6' title='bbox 582 635 666 706; x_wconf 89' lang='lat' dir='ltr'><strong>putas</strong></span> <span class='ocrx_word' id='word_1_7' title='bbox 689 644 807 703; x_wconf 89' lang='lat' dir='ltr'><strong>omnes,</strong></span> <span class='ocrx_word' id='word_1_8' title='bbox 829 624 967 703; x_wconf 76' lang='lat' dir='ltr'><strong>Calvina,</strong></span> <span class='ocrx_word' id='word_1_9' title='bbox 988 627 1102 690; x_wconf 86' lang='lat' dir='ltr'><strong>receuti</strong></span> <span class='ocrx_word' id='word_1_10' title='bbox 1287 657 1293 665; x_wconf 80' lang='lat'>-</span> <span class='ocrx_word' id='word_1_11' title='bbox 1329 640 1346 695; x_wconf 83' lang='lat'><strong>5</strong></span> 
     </span>
     <span class='ocr_line' id='line_1_3' title="bbox 357 708 1144 774; baseline -0.003 0"><span class='ocrx_word' id='word_1_12' title='bbox 357 714 403 774; x_wconf 88' lang='lat' dir='ltr'><strong>De</strong></span> <span class='ocrx_word' id='word_1_13' title='bbox 426 712 541 773; x_wconf 84' lang='lat' dir='ltr'><strong>scelere</strong></span> <span class='ocrx_word' id='word_1_14' title='bbox 565 720 594 771; x_wconf 83' lang='lat' dir='ltr'><strong>et</strong></span> <span class='ocrx_word' id='word_1_15' title='bbox 615 713 682 772; x_wconf 91' lang='lat' dir='ltr'><strong>lidei</strong></span> <span class='ocrx_word' id='word_1_16' title='bbox 704 711 831 772; x_wconf 89' lang='lat' dir='ltr'><strong>violatae</strong></span> <span class='ocrx_word' id='word_1_17' title='bbox 853 708 993 771; x_wconf 85' lang='lat' dir='ltr'><strong>erimine?</strong></span> <span class='ocrx_word' id='word_1_18' title='bbox 1016 711 1069 772; x_wconf 89' lang='lat' dir='ltr'><strong>sed</strong></span> <span class='ocrx_word' id='word_1_19' title='bbox 1088 730 1144 772; x_wconf 87' lang='lat' dir='ltr'><strong>nec</strong></span> 
     </span>
    </p>

    <p class='ocr_par' dir='ltr' id='par_1_3' title="bbox 358 795 1130 872">
     <span class='ocr_line' id='line_1_4' title="bbox 358 795 1130 872; baseline -0.006 -13"><span class='ocrx_word' id='word_1_20' title='bbox 358 798 428 859; x_wconf 85' lang='lat' dir='ltr'><strong>Tam</strong></span> <span class='ocrx_word' id='word_1_21' title='bbox 447 797 541 856; x_wconf 90' lang='lat' dir='ltr'><strong>tennis</strong></span> <span class='ocrx_word' id='word_1_22' title='bbox 564 813 669 856; x_wconf 91' lang='lat' dir='ltr'><strong>census</strong></span> <span class='ocrx_word' id='word_1_23' title='bbox 686 795 738 856; x_wconf 88' lang='lat' dir='ltr'><strong>tibi</strong></span> <span class='ocrx_word' id='word_1_24' title='bbox 761 795 898 872; x_wconf 86' lang='lat' dir='ltr'><strong>contigit,</strong></span> <span class='ocrx_word' id='word_1_25' title='bbox 920 804 952 856; x_wconf 90' lang='lat' dir='ltr'><strong>ut</strong></span> <span class='ocrx_word' id='word_1_26' title='bbox 972 796 1130 856; x_wconf 85' lang='lat' dir='ltr'><strong>mediocris</strong></span> 
     </span>
    </p>

    <p class='ocr_par' dir='ltr' id='par_1_4' title="bbox 356 878 1106 958">
     <span class='ocr_line' id='line_1_5' title="bbox 356 878 1106 958; baseline -0.005 -15"><span class='ocrx_word' id='word_1_27' title='bbox 356 881 488 944; x_wconf 86' lang='lat' dir='ltr'><strong>lacturae</strong></span> <span class='ocrx_word' id='word_1_28' title='bbox 507 890 537 940; x_wconf 88' lang='lat' dir='ltr'><strong>te</strong></span> <span class='ocrx_word' id='word_1_29' title='bbox 560 888 672 958; x_wconf 84' lang='lat' dir='ltr'><strong>mergat</strong></span> <span class='ocrx_word' id='word_1_30' title='bbox 694 898 782 955; x_wconf 89' lang='lat' dir='ltr'><strong>onus,</strong></span> <span class='ocrx_word' id='word_1_31' title='bbox 804 898 861 939; x_wconf 87' lang='lat' dir='ltr'><strong>nee</strong></span> <span class='ocrx_word' id='word_1_32' title='bbox 876 878 942 940; x_wconf 83' lang='lat' dir='ltr'><strong>rara</strong></span> <span class='ocrx_word' id='word_1_33' title='bbox 963 881 1106 956; x_wconf 90' lang='lat' dir='ltr'><strong>videmus,</strong></span> 
     </span>
    </p>

    <p class='ocr_par' dir='ltr' id='par_1_5' title="bbox 358 963 1173 1045">
     <span class='ocr_line' id='line_1_6' title="bbox 358 963 1173 1045; baseline -0.002 -19"><span class='ocrx_word' id='word_1_34' title='bbox 358 965 440 1039; x_wconf 79' lang='lat' dir='ltr'><strong>Quae</strong></span> <span class='ocrx_word' id='word_1_35' title='bbox 462 965 587 1045; x_wconf 88' lang='lat' dir='ltr'><strong>pateris;</strong></span> <span class='ocrx_word' id='word_1_36' title='bbox 610 983 695 1024; x_wconf 89' lang='lat' dir='ltr'><strong>casus</strong></span> <span class='ocrx_word' id='word_1_37' title='bbox 715 964 810 1024; x_wconf 84' lang='lat' dir='ltr'><strong>multis</strong></span> <span class='ocrx_word' id='word_1_38' title='bbox 834 963 881 1024; x_wconf 90' lang='lat' dir='ltr'><strong>hic</strong></span> <span class='ocrx_word' id='word_1_39' title='bbox 904 966 1037 1042; x_wconf 85' lang='lat' dir='ltr'><strong>cognitus</strong></span> <span class='ocrx_word' id='word_1_40' title='bbox 1060 982 1094 1025; x_wconf 90' lang='lat' dir='ltr'><strong>ao</strong></span> <span class='ocrx_word' id='word_1_41' title='bbox 1117 964 1173 1027; x_wconf 86' lang='lat' dir='ltr'><strong>iam</strong></span> 
     </span>
    </p>

    <p class='ocr_par' dir='ltr' id='par_1_6' title="bbox 356 1048 1347 1212">
     <span class='ocr_line' id='line_1_7' title="bbox 357 1048 1347 1131; baseline 0.002 -21"><span class='ocrx_word' id='word_1_42' title='bbox 357 1050 453 1111; x_wconf 82' lang='lat' dir='ltr'><strong>Tritus</strong></span> <span class='ocrx_word' id='word_1_43' title='bbox 476 1058 505 1109; x_wconf 93' lang='lat' dir='ltr'><strong>et</strong></span> <span class='ocrx_word' id='word_1_44' title='bbox 528 1050 661 1131; x_wconf 86' lang='lat' dir='ltr'><strong>emedio</strong></span> <span class='ocrx_word' id='word_1_45' title='bbox 684 1049 816 1109; x_wconf 77' lang='lat' dir='ltr'><strong>fortunae</strong></span> <span class='ocrx_word' id='word_1_46' title='bbox 840 1048 942 1108; x_wconf 86' lang='lat' dir='ltr'><strong>ductus</strong></span> <span class='ocrx_word' id='word_1_47' title='bbox 962 1066 1080 1109; x_wconf 85' lang='lat' dir='ltr'><strong>acervo.</strong></span> <span class='ocrx_word' id='word_1_48' title='bbox 1109 1074 1120 1083; x_wconf 46' lang='lat'><strong>*</strong></span> <span class='ocrx_word' id='word_1_49' title='bbox 1312 1061 1347 1112; x_wconf 92' lang='lat'><strong>10</strong></span> 
     </span>
     <span class='ocr_line' id='line_1_8' title="bbox 356 1132 1087 1212; baseline -0.004 -17"><span class='ocrx_word' id='word_1_50' title='bbox 356 1135 498 1195; x_wconf 90' lang='lat' dir='ltr'><strong>Ponamns</strong></span> <span class='ocrx_word' id='word_1_51' title='bbox 518 1134 625 1192; x_wconf 81' lang='lat' dir='ltr'><strong>nimios</strong></span> <span class='ocrx_word' id='word_1_52' title='bbox 642 1135 780 1211; x_wconf 75' lang='lat' dir='ltr'><strong>gemitus:</strong></span> <span class='ocrx_word' id='word_1_53' title='bbox 803 1132 972 1209; x_wconf 86' lang='lat' dir='ltr'><strong>flagrantior</strong></span> <span class='ocrx_word' id='word_1_54' title='bbox 992 1149 1087 1212; x_wconf 85' lang='lat' dir='ltr'><strong>aequo</strong></span> 
     </span>
    </p>

    <p class='ocr_par' dir='ltr' id='par_1_7' title="bbox 356 1216 1253 1292">
     <span class='ocr_line' id='line_1_9' title="bbox 356 1216 1253 1292; baseline -0.003 -13"><span class='ocrx_word' id='word_1_55' title='bbox 356 1218 422 1279; x_wconf 92' lang='lat' dir='ltr'><strong>Non</strong></span> <span class='ocrx_word' id='word_1_56' title='bbox 444 1217 532 1279; x_wconf 91' lang='lat' dir='ltr'><strong>debet</strong></span> <span class='ocrx_word' id='word_1_57' title='bbox 552 1217 636 1277; x_wconf 91' lang='lat' dir='ltr'><strong>dolor</strong></span> <span class='ocrx_word' id='word_1_58' title='bbox 659 1235 726 1277; x_wconf 89' lang='lat' dir='ltr'><strong>esse</strong></span> <span class='ocrx_word' id='word_1_59' title='bbox 744 1217 815 1292; x_wconf 89' lang='lat' dir='ltr'><strong>viri,</strong></span> <span class='ocrx_word' id='word_1_60' title='bbox 840 1235 896 1277; x_wconf 89' lang='lat' dir='ltr'><strong>nec</strong></span> <span class='ocrx_word' id='word_1_61' title='bbox 910 1217 1032 1277; x_wconf 82' lang='lat' dir='ltr'><strong>vulnere</strong></span> <span class='ocrx_word' id='word_1_62' title='bbox 1051 1216 1150 1277; x_wconf 91' lang='lat' dir='ltr'><strong>maior.</strong></span> <span class='ocrx_word' id='word_1_63' title='bbox 1251 1287 1253 1290; x_wconf 11' lang='lat' dir='ltr'>y</span> 
     </span>
    </p>

    <p class='ocr_par' dir='ltr' id='par_1_8' title="bbox 356 1300 1345 1716">
     <span class='ocr_line' id='line_1_10' title="bbox 357 1300 1213 1382; baseline -0.004 -19"><span class='ocrx_word' id='word_1_64' title='bbox 357 1303 400 1364; x_wconf 86' lang='lat' dir='ltr'><strong>Tu</strong></span> <span class='ocrx_word' id='word_1_65' title='bbox 420 1303 550 1382; x_wconf 85' lang='lat' dir='ltr'><strong>quamvis</strong></span> <span class='ocrx_word' id='word_1_66' title='bbox 571 1301 677 1361; x_wconf 84' lang='lat' dir='ltr'><strong>levium</strong></span> <span class='ocrx_word' id='word_1_67' title='bbox 696 1302 838 1361; x_wconf 85' lang='lat' dir='ltr'><strong>minimam</strong></span> <span class='ocrx_word' id='word_1_68' title='bbox 860 1303 1052 1379; x_wconf 81' lang='lat' dir='ltr'><strong>exiguamque</strong></span> <span class='ocrx_word' id='word_1_69' title='bbox 1074 1300 1213 1360; x_wconf 88' lang='lat' dir='ltr'><strong>malorum</strong></span> 
     </span>
     <span class='ocr_line' id='line_1_11' title="bbox 356 1385 1266 1464; baseline -0.004 -16"><span class='ocrx_word' id='word_1_70' title='bbox 356 1385 529 1448; x_wconf 86' lang='lat' dir='ltr'><strong>Particulam</strong></span> <span class='ocrx_word' id='word_1_71' title='bbox 547 1387 598 1445; x_wconf 86' lang='lat' dir='ltr'><strong>vix</strong></span> <span class='ocrx_word' id='word_1_72' title='bbox 618 1385 697 1446; x_wconf 82' lang='lat' dir='ltr'><strong>ferre</strong></span> <span class='ocrx_word' id='word_1_73' title='bbox 719 1395 822 1464; x_wconf 87' lang='lat' dir='ltr'><strong>potes,</strong></span> <span class='ocrx_word' id='word_1_74' title='bbox 847 1385 1044 1463; x_wconf 81' lang='lat' dir='ltr'><strong>spumantibus</strong></span> <span class='ocrx_word' id='word_1_75' title='bbox 1065 1385 1171 1446; x_wconf 90' lang='lat' dir='ltr'><strong>arde&#39;ns</strong></span> <span class='ocrx_word' id='word_1_76' title='bbox 1261 1394 1266 1404; x_wconf 86' lang='lat'>&#39;</span> 
     </span>
     <span class='ocr_line' id='line_1_12' title="bbox 356 1469 1345 1549; baseline 0.003 -19"><span class='ocrx_word' id='word_1_77' title='bbox 356 1469 546 1546; x_wconf 88' lang='lat' dir='ltr'><strong>Visceribus,</strong></span> <span class='ocrx_word' id='word_1_78' title='bbox 567 1488 680 1530; x_wconf 85' lang='lat' dir='ltr'><strong>sacrum</strong></span> <span class='ocrx_word' id='word_1_79' title='bbox 699 1469 751 1530; x_wconf 90' lang='lat' dir='ltr'><strong>tibi</strong></span> <span class='ocrx_word' id='word_1_80' title='bbox 772 1472 850 1549; x_wconf 91' lang='lat' dir='ltr'><strong>quod</strong></span> <span class='ocrx_word' id='word_1_81' title='bbox 872 1487 930 1529; x_wconf 90' lang='lat' dir='ltr'><strong>non</strong></span> <span class='ocrx_word' id='word_1_82' title='bbox 950 1469 1054 1529; x_wconf 85' lang='lat' dir='ltr'><strong>reddat</strong></span> <span class='ocrx_word' id='word_1_83' title='bbox 1076 1471 1185 1530; x_wconf 87' lang='lat' dir='ltr'><strong>amicus</strong></span> <span class='ocrx_word' id='word_1_84' title='bbox 1314 1481 1345 1533; x_wconf 84' lang='lat' dir='ltr'><strong>ts</strong></span> 
     </span>
     <span class='ocr_line' id='line_1_13' title="bbox 357 1553 1270 1634; baseline -0.003 -19"><span class='ocrx_word' id='word_1_85' title='bbox 357 1554 540 1634; x_wconf 87' lang='lat' dir='ltr'><strong>Depositum.</strong></span> <span class='ocrx_word' id='word_1_86' title='bbox 580 1556 685 1633; x_wconf 84' lang='lat' dir='ltr'><strong>Stupet</strong></span> <span class='ocrx_word' id='word_1_87' title='bbox 703 1554 794 1631; x_wconf 88' lang='lat' dir='ltr'><strong>haec,</strong></span> <span class='ocrx_word' id='word_1_88' title='bbox 818 1555 866 1632; x_wconf 85' lang='lat' dir='ltr'><strong>qui</strong></span> <span class='ocrx_word' id='word_1_89' title='bbox 882 1555 937 1614; x_wconf 90' lang='lat' dir='ltr'><strong>iam</strong></span> <span class='ocrx_word' id='word_1_90' title='bbox 958 1561 1025 1632; x_wconf 90' lang='lat' dir='ltr'><strong>post</strong></span> <span class='ocrx_word' id='word_1_91' title='bbox 1045 1562 1129 1630; x_wconf 82' lang='lat' dir='ltr'><strong>terga</strong></span> <span class='ocrx_word' id='word_1_92' title='bbox 1150 1553 1270 1634; x_wconf 85' lang='lat' dir='ltr'><strong>reliquit</strong></span> 
     </span>
     <span class='ocr_line' id='line_1_14' title="bbox 357 1630 1055 1716; baseline -0.007 -15"><span class='ocrx_word' id='word_1_93' title='bbox 357 1638 515 1716; x_wconf 81' lang='lat' dir='ltr'><strong>Sexaginta</strong></span> <span class='ocrx_word' id='word_1_94' title='bbox 537 1654 646 1713; x_wconf 91' lang='lat' dir='ltr'><strong>annos,</strong></span> <span class='ocrx_word' id='word_1_95' title='bbox 669 1637 791 1698; x_wconf 83' lang='lat' dir='ltr'><strong>Fonteio</strong></span> <span class='ocrx_word' id='word_1_96' title='bbox 815 1630 935 1699; x_wconf 90' lang='lat' dir='ltr'><strong>consule</strong></span> <span class='ocrx_word' id='word_1_97' title='bbox 952 1647 1055 1698; x_wconf 85' lang='lat' dir='ltr'><strong>natus:</strong></span> 
     </span>
    </p>

    <p class='ocr_par' dir='ltr' id='par_1_9' title="bbox 357 1718 1083 1800">
     <span class='ocr_line' id='line_1_15' title="bbox 357 1718 1083 1800; baseline -0.004 -17"><span class='ocrx_word' id='word_1_98' title='bbox 357 1720 404 1783; x_wconf 79' lang='lat' dir='ltr'><strong>An</strong></span> <span class='ocrx_word' id='word_1_99' title='bbox 425 1721 495 1781; x_wconf 92' lang='lat' dir='ltr'><strong>nihil</strong></span> <span class='ocrx_word' id='word_1_100' title='bbox 515 1723 544 1781; x_wconf 92' lang='lat' dir='ltr'><strong>in</strong></span> <span class='ocrx_word' id='word_1_101' title='bbox 566 1721 669 1782; x_wconf 89' lang='lat' dir='ltr'><strong>melius</strong></span> <span class='ocrx_word' id='word_1_102' title='bbox 689 1731 733 1782; x_wconf 81' lang='lat' dir='ltr'><strong>tot</strong></span> <span class='ocrx_word' id='word_1_103' title='bbox 754 1741 850 1782; x_wconf 92' lang='lat' dir='ltr'><strong>rerum</strong></span> <span class='ocrx_word' id='word_1_104' title='bbox 873 1723 989 1800; x_wconf 83' lang='lat' dir='ltr'><strong>proiicit</strong></span> <span class='ocrx_word' id='word_1_105' title='bbox 1007 1718 1083 1780; x_wconf 88' lang='lat' dir='ltr'><strong>usul</strong></span> 
     </span>
    </p>

    <p class='ocr_par' dir='ltr' id='par_1_10' title="bbox 356 1804 1346 2054">
     <span class='ocr_line' id='line_1_16' title="bbox 357 1804 1226 1886; baseline -0.001 -19"><span class='ocrx_word' id='word_1_106' title='bbox 357 1806 468 1886; x_wconf 84' lang='lat' dir='ltr'><strong>Magna.</strong></span> <span class='ocrx_word' id='word_1_107' title='bbox 483 1807 614 1884; x_wconf 89' lang='lat' dir='ltr'><strong>quidem,</strong></span> <span class='ocrx_word' id='word_1_108' title='bbox 637 1807 729 1866; x_wconf 88' lang='lat' dir='ltr'><strong>sacris</strong></span> <span class='ocrx_word' id='word_1_109' title='bbox 752 1824 826 1884; x_wconf 81' lang='lat' dir='ltr'><strong>qnae</strong></span> <span class='ocrx_word' id='word_1_110' title='bbox 845 1806 893 1865; x_wconf 89' lang='lat' dir='ltr'><strong>dat</strong></span> <span class='ocrx_word' id='word_1_111' title='bbox 915 1814 1075 1884; x_wconf 88' lang='lat' dir='ltr'><strong>praecepta</strong></span> <span class='ocrx_word' id='word_1_112' title='bbox 1097 1804 1226 1882; x_wconf 82' lang='lat' dir='ltr'><strong>libellis,</strong></span> 
     </span>
     <span class='ocr_line' id='line_1_17' title="bbox 356 1890 1346 1969; baseline -0.004 -18"><span class='ocrx_word' id='word_1_113' title='bbox 356 1890 470 1952; x_wconf 76' lang='lat' dir='ltr'><strong>Victrix</strong></span> <span class='ocrx_word' id='word_1_114' title='bbox 490 1891 622 1950; x_wconf 84' lang='lat' dir='ltr'><strong>fortunae</strong></span> <span class='ocrx_word' id='word_1_115' title='bbox 642 1891 798 1969; x_wconf 86' lang='lat' dir='ltr'><strong>sapientia;</strong></span> <span class='ocrx_word' id='word_1_116' title='bbox 822 1890 950 1950; x_wconf 85' lang='lat' dir='ltr'><strong>ducimus</strong></span> <span class='ocrx_word' id='word_1_117' title='bbox 972 1899 1066 1950; x_wconf 88' lang='lat' dir='ltr'><strong>autem</strong></span> <span class='ocrx_word' id='word_1_118' title='bbox 1272 1908 1276 1913; x_wconf 87' lang='lat'>·</span> <span class='ocrx_word' id='word_1_119' title='bbox 1311 1901 1346 1954; x_wconf 74' lang='lat'><strong>20</strong></span> 
     </span>
     <span class='ocr_line' id='line_1_18' title="bbox 357 1973 1173 2054; baseline -0.001 -18"><span class='ocrx_word' id='word_1_120' title='bbox 357 1975 418 2036; x_wconf 80' lang='lat' dir='ltr'><strong>llos</strong></span> <span class='ocrx_word' id='word_1_121' title='bbox 437 1992 556 2054; x_wconf 72' lang='lat' dir='ltr'><strong>guoque</strong></span> <span class='ocrx_word' id='word_1_122' title='bbox 578 1974 698 2051; x_wconf 86' lang='lat' dir='ltr'><strong>falices,</strong></span> <span class='ocrx_word' id='word_1_123' title='bbox 722 1975 769 2054; x_wconf 86' lang='lat' dir='ltr'><strong>qui</strong></span> <span class='ocrx_word' id='word_1_124' title='bbox 791 1974 871 2035; x_wconf 85' lang='lat' dir='ltr'><strong>ierre</strong></span> <span class='ocrx_word' id='word_1_125' title='bbox 893 1974 1075 2035; x_wconf 86' lang='lat' dir='ltr'><strong>incommoda</strong></span> <span class='ocrx_word' id='word_1_126' title='bbox 1097 1973 1173 2035; x_wconf 86' lang='lat' dir='ltr'><strong>vitae&#39;</strong></span> 
     </span>
    </p>

    <p class='ocr_par' dir='ltr' id='par_1_11' title="bbox 357 2059 1061 2136">
     <span class='ocr_line' id='line_1_19' title="bbox 357 2059 1061 2136; baseline -0.007 -15"><span class='ocrx_word' id='word_1_127' title='bbox 357 2059 422 2121; x_wconf 88' lang='lat' dir='ltr'><strong>Neo</strong></span> <span class='ocrx_word' id='word_1_128' title='bbox 440 2061 548 2120; x_wconf 83' lang='lat' dir='ltr'><strong>iactare</strong></span> <span class='ocrx_word' id='word_1_129' title='bbox 568 2059 664 2136; x_wconf 87' lang='lat' dir='ltr'><strong>iugum</strong></span> <span class='ocrx_word' id='word_1_130' title='bbox 684 2061 744 2121; x_wconf 83' lang='lat' dir='ltr'><strong>vita</strong></span> <span class='ocrx_word' id='word_1_131' title='bbox 765 2060 896 2119; x_wconf 87' lang='lat' dir='ltr'><strong>didicere</strong></span> <span class='ocrx_word' id='word_1_132' title='bbox 916 2060 1061 2136; x_wconf 85' lang='lat' dir='ltr'><strong>magistra.</strong></span> 
     </span>
    </p>

    <p class='ocr_par' dir='ltr' id='par_1_12' title="bbox 324 2142 1344 2557">
     <span class='ocr_line' id='line_1_20' title="bbox 324 2142 1169 2223; baseline -0.002 -19"><span class='ocrx_word' id='word_1_133' title='bbox 324 2187 327 2191; x_wconf 16' lang='lat' dir='ltr'><strong>a</strong></span> <span class='ocrx_word' id='word_1_134' title='bbox 359 2143 440 2217; x_wconf 80' lang='lat' dir='ltr'><strong>Quae</strong></span> <span class='ocrx_word' id='word_1_135' title='bbox 463 2143 617 2204; x_wconf 81' lang='lat' dir='ltr'><strong>ramtesta</strong></span> <span class='ocrx_word' id='word_1_136' title='bbox 639 2144 718 2220; x_wconf 87' lang='lat' dir='ltr'><strong>dies,</strong></span> <span class='ocrx_word' id='word_1_137' title='bbox 737 2152 772 2204; x_wconf 85' lang='lat' dir='ltr'><strong>nt</strong></span> <span class='ocrx_word' id='word_1_138' title='bbox 793 2152 893 2204; x_wconf 88' lang='lat' dir='ltr'><strong>cesset</strong></span> <span class='ocrx_word' id='word_1_139' title='bbox 917 2143 1044 2223; x_wconf 90' lang='lat' dir='ltr'><strong>prodere</strong></span> <span class='ocrx_word' id='word_1_140' title='bbox 1065 2142 1169 2219; x_wconf 91' lang='lat' dir='ltr'><strong>iurem,</strong></span> 
     </span>
     <span class='ocr_line' id='line_1_21' title="bbox 358 2212 1224 2307; baseline -0.001 -19"><span class='ocrx_word' id='word_1_141' title='bbox 358 2227 526 2303; x_wconf 83' lang='lat' dir='ltr'><strong>Perfidiam,</strong></span> <span class='ocrx_word' id='word_1_142' title='bbox 549 2212 687 2303; x_wconf 56' lang='lat' dir='ltr'><strong>frauder,</strong></span> <span class='ocrx_word' id='word_1_143' title='bbox 706 2237 794 2307; x_wconf 81' lang='lat' dir='ltr'><strong>atque</strong></span> <span class='ocrx_word' id='word_1_144' title='bbox 816 2229 892 2288; x_wconf 93' lang='lat' dir='ltr'><strong>omni</strong></span> <span class='ocrx_word' id='word_1_145' title='bbox 913 2246 951 2287; x_wconf 88' lang='lat' dir='ltr'><strong>ex</strong></span> <span class='ocrx_word' id='word_1_146' title='bbox 973 2229 1092 2287; x_wconf 87' lang='lat' dir='ltr'><strong>crimine</strong></span> <span class='ocrx_word' id='word_1_147' title='bbox 1113 2227 1224 2287; x_wconf 89' lang='lat' dir='ltr'><strong>lucrum</strong></span> 
     </span>
     <span class='ocr_line' id='line_1_22' title="bbox 359 2308 1344 2392; baseline 0.002 -21"><span class='ocrx_word' id='word_1_148' title='bbox 359 2311 528 2385; x_wconf 84' lang='lat' dir='ltr'><strong>Quaesitum</strong></span> <span class='ocrx_word' id='word_1_149' title='bbox 546 2320 574 2370; x_wconf 89' lang='lat' dir='ltr'><strong>et</strong></span> <span class='ocrx_word' id='word_1_150' title='bbox 597 2321 697 2390; x_wconf 89' lang='lat' dir='ltr'><strong>partos</strong></span> <span class='ocrx_word' id='word_1_151' title='bbox 719 2312 817 2389; x_wconf 89' lang='lat' dir='ltr'><strong>gladio</strong></span> <span class='ocrx_word' id='word_1_152' title='bbox 839 2311 889 2372; x_wconf 84' lang='lat' dir='ltr'><strong>vel</strong></span> <span class='ocrx_word' id='word_1_153' title='bbox 910 2311 1018 2392; x_wconf 78' lang='lat' dir='ltr'><strong>pyxide</strong></span> <span class='ocrx_word' id='word_1_154' title='bbox 1039 2308 1191 2372; x_wconf 82' lang='lat' dir='ltr'><strong>nummos?</strong></span> <span class='ocrx_word' id='word_1_155' title='bbox 1309 2321 1344 2373; x_wconf 78' lang='lat'><strong>25</strong></span> 
     </span>
     <span class='ocr_line' id='line_1_23' title="bbox 357 2395 1198 2474; baseline -0.001 -19"><span class='ocrx_word' id='word_1_156' title='bbox 357 2395 428 2455; x_wconf 88' lang='lat' dir='ltr'><strong>Rari</strong></span> <span class='ocrx_word' id='word_1_157' title='bbox 453 2396 560 2474; x_wconf 89' lang='lat' dir='ltr'><strong>quippe</strong></span> <span class='ocrx_word' id='word_1_158' title='bbox 584 2395 668 2472; x_wconf 91' lang='lat' dir='ltr'><strong>boni,</strong></span> <span class='ocrx_word' id='word_1_159' title='bbox 690 2414 809 2457; x_wconf 89' lang='lat' dir='ltr'><strong>numero</strong></span> <span class='ocrx_word' id='word_1_160' title='bbox 829 2399 879 2456; x_wconf 85' lang='lat' dir='ltr'><strong>vix</strong></span> <span class='ocrx_word' id='word_1_161' title='bbox 901 2405 965 2456; x_wconf 88' lang='lat' dir='ltr'><strong>sunt</strong></span> <span class='ocrx_word' id='word_1_162' title='bbox 986 2397 1105 2456; x_wconf 90' lang='lat' dir='ltr'><strong>totidem</strong></span> <span class='ocrx_word' id='word_1_163' title='bbox 1127 2403 1198 2474; x_wconf 85' lang='lat' dir='ltr'><strong>quot</strong></span> 
     </span>
     <span class='ocr_line' id='line_1_24' title="bbox 359 2478 1011 2557; baseline -0.003 -18"><span class='ocrx_word' id='word_1_164' title='bbox 359 2478 523 2539; x_wconf 86' lang='lat' dir='ltr'><strong>Thebarum</strong></span> <span class='ocrx_word' id='word_1_165' title='bbox 539 2487 642 2557; x_wconf 84' lang='lat' dir='ltr'><strong>portae</strong></span> <span class='ocrx_word' id='word_1_166' title='bbox 663 2479 712 2538; x_wconf 89' lang='lat' dir='ltr'><strong>vel</strong></span> <span class='ocrx_word' id='word_1_167' title='bbox 730 2480 826 2539; x_wconf 89' lang='lat' dir='ltr'><strong>divitis</strong></span> <span class='ocrx_word' id='word_1_168' title='bbox 845 2482 922 2540; x_wconf 87' lang='lat' dir='ltr'><strong>ostia</strong></span> <span class='ocrx_word' id='word_1_169' title='bbox 944 2479 1011 2539; x_wconf 90' lang='lat' dir='ltr'><strong>Nili.</strong></span> 
     </span>
    </p>

    <p class='ocr_par' dir='ltr' id='par_1_13' title="bbox 358 2562 1058 2641">
     <span class='ocr_line' id='line_1_25' title="bbox 358 2562 1058 2641; baseline 0 -19"><span class='ocrx_word' id='word_1_170' title='bbox 358 2562 441 2622; x_wconf 88' lang='lat' dir='ltr'><strong>Nona</strong></span> <span class='ocrx_word' id='word_1_171' title='bbox 464 2570 544 2621; x_wconf 89' lang='lat' dir='ltr'><strong>aetas</strong></span> <span class='ocrx_word' id='word_1_172' title='bbox 567 2564 661 2640; x_wconf 91' lang='lat' dir='ltr'><strong>agitur</strong></span> <span class='ocrx_word' id='word_1_173' title='bbox 681 2564 842 2641; x_wconf 85' lang='lat' dir='ltr'><strong>peioraque</strong></span> <span class='ocrx_word' id='word_1_174' title='bbox 865 2564 965 2624; x_wconf 86' lang='lat' dir='ltr'><strong>secula</strong></span> <span class='ocrx_word' id='word_1_175' title='bbox 987 2563 1058 2622; x_wconf 83' lang='lat' dir='ltr'><strong>ferri</strong></span> 
     </span>
    </p>

    <p class='ocr_par' dir='ltr' id='par_1_14' title="bbox 359 2642 1129 2726">
     <span class='ocr_line' id='line_1_26' title="bbox 359 2642 1129 2726; baseline -0.001 -19"><span class='ocrx_word' id='word_1_176' title='bbox 359 2642 565 2724; x_wconf 79' lang='lat' dir='ltr'><strong>Temporibus,</strong></span> <span class='ocrx_word' id='word_1_177' title='bbox 590 2664 710 2724; x_wconf 88' lang='lat' dir='ltr'><strong>quorum</strong></span> <span class='ocrx_word' id='word_1_178' title='bbox 731 2647 839 2707; x_wconf 87' lang='lat' dir='ltr'><strong>sceleri</strong></span> <span class='ocrx_word' id='word_1_179' title='bbox 861 2665 918 2707; x_wconf 89' lang='lat' dir='ltr'><strong>non</strong></span> <span class='ocrx_word' id='word_1_180' title='bbox 936 2649 1044 2707; x_wconf 88' lang='lat' dir='ltr'><strong>invenit</strong></span> <span class='ocrx_word' id='word_1_181' title='bbox 1066 2643 1129 2726; x_wconf 79' lang='lat' dir='ltr'><strong>ipsa</strong></span> 
     </span>
    </p>

    <p class='ocr_par' dir='ltr' id='par_1_15' title="bbox 358 2730 1344 2978">
     <span class='ocr_line' id='line_1_27' title="bbox 358 2730 1344 2810; baseline -0.001 -20"><span class='ocrx_word' id='word_1_182' title='bbox 358 2730 471 2790; x_wconf 91' lang='lat' dir='ltr'><strong>Nomen</strong></span> <span class='ocrx_word' id='word_1_183' title='bbox 492 2738 521 2790; x_wconf 88' lang='lat' dir='ltr'><strong>et</strong></span> <span class='ocrx_word' id='word_1_184' title='bbox 542 2749 558 2791; x_wconf 89' lang='lat' dir='ltr'><strong>a</strong></span> <span class='ocrx_word' id='word_1_185' title='bbox 577 2731 657 2790; x_wconf 88' lang='lat' dir='ltr'><strong>nullo</strong></span> <span class='ocrx_word' id='word_1_186' title='bbox 676 2733 772 2810; x_wconf 86' lang='lat' dir='ltr'><strong>posuit</strong></span> <span class='ocrx_word' id='word_1_187' title='bbox 787 2740 887 2792; x_wconf 83' lang='lat' dir='ltr'><strong>natura</strong></span> <span class='ocrx_word' id='word_1_188' title='bbox 905 2733 1038 2801; x_wconf 87' lang='lat' dir='ltr'><strong>metallo;</strong></span> <span class='ocrx_word' id='word_1_189' title='bbox 1309 2737 1344 2789; x_wconf 84' lang='lat'><strong>30</strong></span> 
     </span>
     <span class='ocr_line' id='line_1_28' title="bbox 358 2813 1160 2894; baseline -0.002 -19"><span class='ocrx_word' id='word_1_190' title='bbox 358 2814 420 2876; x_wconf 89' lang='lat' dir='ltr'><strong>Nos</strong></span> <span class='ocrx_word' id='word_1_191' title='bbox 440 2813 758 2894; x_wconf 88' lang='lat' dir='ltr'><strong>hominum-divumque</strong></span> <span class='ocrx_word' id='word_1_192' title='bbox 780 2816 866 2876; x_wconf 83' lang='lat' dir='ltr'><strong>iidem</strong></span> <span class='ocrx_word' id='word_1_193' title='bbox 889 2817 1016 2877; x_wconf 88' lang='lat' dir='ltr'><strong>clamore</strong></span> <span class='ocrx_word' id='word_1_194' title='bbox 1041 2817 1160 2889; x_wconf 91' lang='lat' dir='ltr'><strong>ciemus,</strong></span> 
     </span>
     <span class='ocr_line' id='line_1_29' title="bbox 360 2897 1059 2978; baseline 0.001 -20"><span class='ocrx_word' id='word_1_195' title='bbox 360 2897 658 2976; x_wconf 70' lang='lat' dir='ltr'><strong>Quanraltaesiuum</strong></span> <span class='ocrx_word' id='word_1_196' title='bbox 680 2900 778 2961; x_wconf 86' lang='lat' dir='ltr'><strong>laudat</strong></span> <span class='ocrx_word' id='word_1_197' title='bbox 793 2901 906 2962; x_wconf 84' lang='lat' dir='ltr'><strong>vocalis</strong></span> <span class='ocrx_word' id='word_1_198' title='bbox 925 2902 1059 2978; x_wconf 82' lang='lat' dir='ltr'><strong>agentem</strong></span> 
     </span>
    </p>

    <p class='ocr_par' dir='ltr' id='par_1_16' title="bbox 359 2983 1178 3064">
     <span class='ocr_line' id='line_1_30' title="bbox 359 2983 1178 3064; baseline -0.002 -20"><span class='ocrx_word' id='word_1_199' title='bbox 359 2983 507 3064; x_wconf 85' lang='lat' dir='ltr'><strong>Sportula.</strong></span> <span class='ocrx_word' id='word_1_200' title='bbox 546 2984 620 3060; x_wconf 82' lang='lat' dir='ltr'><strong>Dic,</strong></span> <span class='ocrx_word' id='word_1_201' title='bbox 638 2985 738 3044; x_wconf 90' lang='lat' dir='ltr'><strong>senior</strong></span> <span class='ocrx_word' id='word_1_202' title='bbox 758 2985 837 3046; x_wconf 89' lang='lat' dir='ltr'><strong>bulla</strong></span> <span class='ocrx_word' id='word_1_203' title='bbox 860 2985 1046 3063; x_wconf 84' lang='lat' dir='ltr'><strong>dignissime,</strong></span> <span class='ocrx_word' id='word_1_204' title='bbox 1068 2983 1178 3059; x_wconf 85' lang='lat' dir='ltr'><strong>nescis,</strong></span> 
     </span>
    </p>

    <p class='ocr_par' dir='ltr' id='par_1_17' title="bbox 360 3059 1125 3148">
     <span class='ocr_line' id='line_1_31' title="bbox 360 3059 1125 3148; baseline 0.001 -22"><span class='ocrx_word' id='word_1_205' title='bbox 360 3067 439 3141; x_wconf 79' lang='lat' dir='ltr'><strong>Quas</strong></span> <span class='ocrx_word' id='word_1_206' title='bbox 462 3059 711 3128; x_wconf 63' lang='lat' dir='ltr'><strong>habeat⁴aeneres</strong></span> <span class='ocrx_word' id='word_1_207' title='bbox 735 3069 829 3130; x_wconf 86' lang='lat' dir='ltr'><strong>aliena</strong></span> <span class='ocrx_word' id='word_1_208' title='bbox 850 3066 996 3148; x_wconf 81' lang='lat' dir='ltr'><strong>pecunia?</strong></span> <span class='ocrx_word' id='word_1_209' title='bbox 1016 3071 1125 3143; x_wconf 89' lang='lat' dir='ltr'><strong>nescis,</strong></span> 
     </span>
    </p>

    <p class='ocr_par' dir='ltr' id='par_1_18' title="bbox 358 3150 1345 3317">
     <span class='ocr_line' id='line_1_32' title="bbox 358 3150 1345 3230; baseline 0 -19"><span class='ocrx_word' id='word_1_210' title='bbox 358 3150 453 3224; x_wconf 76' lang='lat' dir='ltr'><strong>Quem</strong></span> <span class='ocrx_word' id='word_1_211' title='bbox 473 3160 521 3211; x_wconf 90' lang='lat' dir='ltr'><strong>tna</strong></span> <span class='ocrx_word' id='word_1_212' title='bbox 544 3152 713 3230; x_wconf 81' lang='lat' dir='ltr'><strong>simplicitas</strong></span> <span class='ocrx_word' id='word_1_213' title='bbox 734 3154 822 3213; x_wconf 85' lang='lat' dir='ltr'><strong>&#39;risum</strong></span> <span class='ocrx_word' id='word_1_214' title='bbox 843 3153 933 3230; x_wconf 89' lang='lat' dir='ltr'><strong>vulgo</strong></span> <span class='ocrx_word' id='word_1_215' title='bbox 955 3161 1086 3226; x_wconf 88' lang='lat' dir='ltr'><strong>moveat,</strong></span> <span class='ocrx_word' id='word_1_216' title='bbox 1111 3169 1196 3229; x_wconf 88' lang='lat' dir='ltr'><strong>quum</strong></span> <span class='ocrx_word' id='word_1_217' title='bbox 1310 3159 1345 3213; x_wconf 76' lang='lat'><strong>35</strong></span> 
     </span>
     <span class='ocr_line' id='line_1_33' title="bbox 359 3233 1114 3317; baseline 0 -23"><span class='ocrx_word' id='word_1_218' title='bbox 359 3233 461 3313; x_wconf 87' lang='lat' dir='ltr'><strong>Exigis</strong></span> <span class='ocrx_word' id='word_1_219' title='bbox 481 3253 497 3295; x_wconf 88' lang='lat' dir='ltr'><strong>a</strong></span> <span class='ocrx_word' id='word_1_220' title='bbox 521 3253 680 3314; x_wconf 86' lang='lat' dir='ltr'><strong>quoquam,</strong></span> <span class='ocrx_word' id='word_1_221' title='bbox 703 3254 740 3317; x_wconf 86' lang='lat' dir='ltr'><strong>ne</strong></span> <span class='ocrx_word' id='word_1_222' title='bbox 760 3238 878 3316; x_wconf 89' lang='lat' dir='ltr'><strong>peieret</strong></span> <span class='ocrx_word' id='word_1_223' title='bbox 896 3246 926 3296; x_wconf 88' lang='lat' dir='ltr'><strong>et</strong></span> <span class='ocrx_word' id='word_1_224' title='bbox 945 3244 1027 3315; x_wconf 87' lang='lat' dir='ltr'><strong>putet</strong></span> <span class='ocrx_word' id='word_1_225' title='bbox 1047 3236 1114 3295; x_wconf 90' lang='lat' dir='ltr'><strong>ullis</strong></span> 
     </span>
    </p>

    <p class='ocr_par' dir='ltr' id='par_1_19' title="bbox 359 3317 1144 3400">
     <span class='ocr_line' id='line_1_34' title="bbox 359 3317 1144 3400; baseline -0.001 -22"><span class='ocrx_word' id='word_1_226' title='bbox 359 3317 435 3379; x_wconf 85' lang='lat' dir='ltr'><strong>Esse</strong></span> <span class='ocrx_word' id='word_1_227' title='bbox 457 3319 573 3398; x_wconf 87' lang='lat' dir='ltr'><strong>aliquod</strong></span> <span class='ocrx_word' id='word_1_228' title='bbox 596 3339 700 3380; x_wconf 89' lang='lat' dir='ltr'><strong>numen</strong></span> <span class='ocrx_word' id='word_1_229' title='bbox 721 3323 837 3400; x_wconf 86' lang='lat' dir='ltr'><strong>templis</strong></span> <span class='ocrx_word' id='word_1_230' title='bbox 860 3338 987 3398; x_wconf 66' lang='lat' dir='ltr'><strong>araeque</strong></span> <span class='ocrx_word' id='word_1_231' title='bbox 1008 3317 1144 3379; x_wconf 84' lang='lat' dir='ltr'><strong>rubenti?</strong></span> 
     </span>
    </p>

    <p class='ocr_par' dir='ltr' id='par_1_20' title="bbox 360 3403 1232 3567">
     <span class='ocr_line' id='line_1_35' title="bbox 360 3403 1232 3481; baseline 0 -18"><span class='ocrx_word' id='word_1_232' title='bbox 360 3403 511 3477; x_wconf 81' lang='lat' dir='ltr'><strong>Quondam</strong></span> <span class='ocrx_word' id='word_1_233' title='bbox 534 3403 591 3463; x_wconf 92' lang='lat' dir='ltr'><strong>hoc</strong></span> <span class='ocrx_word' id='word_1_234' title='bbox 612 3404 765 3481; x_wconf 89' lang='lat' dir='ltr'><strong>indigenae</strong></span> <span class='ocrx_word' id='word_1_235' title='bbox 788 3405 924 3464; x_wconf 87' lang='lat' dir='ltr'><strong>vivebant</strong></span> <span class='ocrx_word' id='word_1_236' title='bbox 946 3420 1044 3478; x_wconf 88' lang='lat' dir='ltr'><strong>ruore,</strong></span> <span class='ocrx_word' id='word_1_237' title='bbox 1066 3403 1232 3480; x_wconf 85' lang='lat' dir='ltr'><strong>priusquam</strong></span> 
     </span>
     <span class='ocr_line' id='line_1_36' title="bbox 360 3486 1084 3567; baseline -0.004 -20"><span class='ocrx_word' id='word_1_238' title='bbox 360 3488 495 3547; x_wconf 88' lang='lat' dir='ltr'><strong>Sumeret</strong></span> <span class='ocrx_word' id='word_1_239' title='bbox 513 3496 660 3564; x_wconf 86' lang='lat' dir='ltr'><strong>agrestem</strong></span> <span class='ocrx_word' id='word_1_240' title='bbox 680 3490 776 3567; x_wconf 86' lang='lat' dir='ltr'><strong>posito</strong></span> <span class='ocrx_word' id='word_1_241' title='bbox 795 3489 956 3549; x_wconf 89' lang='lat' dir='ltr'><strong>diademate</strong></span> <span class='ocrx_word' id='word_1_242' title='bbox 978 3486 1084 3545; x_wconf 89' lang='lat' dir='ltr'><strong>ialcem</strong></span> 
     </span>
    </p>

    <p class='ocr_par' dir='ltr' id='par_1_21' title="bbox 361 3569 1347 3734">
     <span class='ocr_line' id='line_1_37' title="bbox 361 3569 1347 3650; baseline 0.004 -20"><span class='ocrx_word' id='word_1_243' title='bbox 361 3571 500 3630; x_wconf 85' lang='lat' dir='ltr'><strong>Saturnus</strong></span> <span class='ocrx_word' id='word_1_244' title='bbox 523 3572 653 3648; x_wconf 88' lang='lat' dir='ltr'><strong>lugiens,</strong></span> <span class='ocrx_word' id='word_1_245' title='bbox 677 3582 761 3647; x_wconf 87' lang='lat' dir='ltr'><strong>tuno,</strong></span> <span class='ocrx_word' id='word_1_246' title='bbox 784 3590 870 3650; x_wconf 86' lang='lat' dir='ltr'><strong>quum</strong></span> <span class='ocrx_word' id='word_1_247' title='bbox 890 3571 1059 3648; x_wconf 83' lang='lat' dir='ltr'><strong>virguncula</strong></span> <span class='ocrx_word' id='word_1_248' title='bbox 1081 3569 1152 3630; x_wconf 90' lang='lat' dir='ltr'><strong>luno</strong></span> <span class='ocrx_word' id='word_1_249' title='bbox 1312 3580 1347 3634; x_wconf 76' lang='lat'><strong>40</strong></span> 
     </span>
     <span class='ocr_line' id='line_1_38' title="bbox 361 3653 1063 3734; baseline 0 -22"><span class='ocrx_word' id='word_1_250' title='bbox 361 3653 398 3713; x_wconf 84' lang='lat' dir='ltr'><strong>Et</strong></span> <span class='ocrx_word' id='word_1_251' title='bbox 420 3657 548 3732; x_wconf 88' lang='lat' dir='ltr'><strong>privatus</strong></span> <span class='ocrx_word' id='word_1_252' title='bbox 571 3655 665 3716; x_wconf 79' lang='lat' dir='ltr'><strong>adhue</strong></span> <span class='ocrx_word' id='word_1_253' title='bbox 686 3656 781 3716; x_wconf 86' lang='lat' dir='ltr'><strong>Idaeis</strong></span> <span class='ocrx_word' id='word_1_254' title='bbox 803 3656 942 3734; x_wconf 84' lang='lat' dir='ltr'><strong>luppiter</strong></span> <span class='ocrx_word' id='word_1_255' title='bbox 956 3656 1063 3730; x_wconf 79' lang='lat' dir='ltr'><strong>antris,</strong></span> 
     </span>
    </p>

    <p class='ocr_par' dir='ltr' id='par_1_22' title="bbox 361 3736 1065 3820">
     <span class='ocr_line' id='line_1_39' title="bbox 361 3736 1065 3820; baseline 0 -23"><span class='ocrx_word' id='word_1_256' title='bbox 361 3736 447 3799; x_wconf 92' lang='lat' dir='ltr'><strong>Nulla</strong></span> <span class='ocrx_word' id='word_1_257' title='bbox 470 3756 559 3820; x_wconf 89' lang='lat' dir='ltr'><strong>super</strong></span> <span class='ocrx_word' id='word_1_258' title='bbox 579 3739 673 3800; x_wconf 88' lang='lat' dir='ltr'><strong>nubes</strong></span> <span class='ocrx_word' id='word_1_259' title='bbox 694 3742 826 3800; x_wconf 73' lang='lat' dir='ltr'><strong>convivia</strong></span> <span class='ocrx_word' id='word_1_260' title='bbox 847 3738 1065 3816; x_wconf 81' lang='lat' dir='ltr'><strong>coelicolarum,</strong></span> 
     </span>
    </p>
   </div>
   <div class='ocr_carea' id='block_1_3' title="bbox 0 0 1642 4409">
    <p class='ocr_par' dir='ltr' id='par_1_23' title="bbox 0 0 1642 4409">
     <span class='ocr_line' id='line_1_40' title="bbox 0 0 1642 4409; baseline 0 0"><span class='ocrx_word' id='word_1_261' title='bbox 0 0 1642 4409; x_wconf 95' lang='lat' dir='ltr'><strong> </strong></span> 
     </span>
    </p>
   </div>
  </div>
 </body>
</html>
