3267 4409
695 478 821 527 saulus
842 480 876 527 X.

294 624 335 687 Ut
358 620 464 703 pueris
489 621 608 700 placeas
631 627 660 679 et
682 618 856 679 declamatio
879 620 947 680 has!

293 708 384 771 Unus
407 704 529 766 Pellaeo
552 706 646 764 iuveni
671 722 728 763 non
749 704 857 763 suflicit
879 705 974 775 orbis3

293 794 429 853 Aestuat
449 788 550 849 infelix
573 796 694 865 augurato
715 788 804 847 limite
828 787 932 864 mundi,

292 876 335 938 Ut
365 872 456 951 Gyan
480 872 596 933 clausus
620 872 750 951 scripulis
772 890 920 951 parvaque
944 872 1085 951 Seripho:
1241 886 1293 941 170

294 960 400 1035 Quum
425 967 520 1018 tanen
545 973 561 1016 a
588 955 683 1031 hgulis
706 958 838 1015 munitum
862 956 1010 1016 intraverit
1033 957 1143 1033 urbem,

293 1040 498 1121 Sarcophago
520 1048 674 1100 contentus
699 1040 762 1099 erit.
796 1038 874 1099 blors
895 1041 957 1100 solu
980 1041 1096 1120 fatetur,

294 1124 450 1202 Quantula
477 1126 533 1185 slnt
554 1124 696 1183 hominum
719 1123 903 1201 corpuscula.
941 1123 1074 1186 Creditur
1097 1125 1164 1185 olim

293 1210 478 1271 velificatus
500 1206 592 1269 Athos
616 1215 645 1267 et
668 1208 804 1285 quidquid
829 1206 951 1268 Graecia
973 1209 1098 1269 merulax

295 1294 402 1357 Audet
425 1294 453 1351 in
475 1291 609 1365 historia,
633 1300 816 1351 constratum·
830 1290 973 1351 classibus
995 1292 1086 1352 isdem
1240 1303 1292 1357 175

296 1375 551 1458 suppositumque
575 1376 646 1435 rotis
670 1375 791 1435 solidum
816 1392 911 1441 orare:
940 1377 1085 1437 eredimus
1107 1377 1183 1439 allos

296 1462 463 1523 Defecisse
486 1476 584 1521 amnes
609 1470 753 1537 epotaque
778 1458 892 1518 hunrhm
918 1459 1004 1520 bledo

297 1544 485 1620 Prandente,
510 1552 538 1603 et
564 1544 685 1605 madidis
713 1552 807 1603 cantat
830 1561 905 1621 quac
931 1546 1079 1605 Sostratus
1102 1544 1165 1607 alis.

297 1630 356 1692 llle
385 1637 479 1689 tamen
501 1627 595 1709 qualis
618 1628 703 1687 rediit
727 1628 870 1687 Salamine
892 1628 1007 1705 relicta,

297 1714 331 1775 lu
362 1710 473 1773 Corum
495 1722 580 1790 atqua
607 1710 713 1771 Eurum
739 1711 842 1770 solitus
866 1714 981 1772 saevire
1007 1713 1133 1791 flagellis
1242 1725 1294 1779 180

297 1796 467 1872 Bnrbarus,
491 1795 598 1856 Aeolio
624 1812 774 1874 numquam
798 1796 907 1855 hocin
933 1815 1055 1857 carcere
1081 1815 1195 1876 passos,

298 1882 403 1961 lpsum
426 1878 615 1959 compedibus
636 1882 683 1957 qui
708 1880 840 1939 vinxerat
862 1878 1099 1958 Ennosigaeum?

298 1964 401 2027 llitius
429 1963 456 2024 id
480 1982 565 2031 sane:
590 1960 678 2043 quid?
704 1981 761 2023 non
785 1973 816 2023 et
839 1966 971 2041 stigmata
997 1965 1112 2041 dignum

299 2043 459 2111 Credidit?
481 2046 547 2107 huic
574 2050 725 2126 quisquam
746 2047 837 2108 vellet
862 2050 974 2108 servire
996 2045 1140 2108 deorum?

299 2134 364 2195 Sed
389 2131 485 2212 qualis
506 2130 614 2193 rediit?
639 2150 743 2212 nempe
767 2151 823 2192 una
846 2149 933 2207 nave,
962 2134 1089 2191 cruentis
1240 2144 1290 2197 185

246 2180 254 2279 1
299 2214 456 2279 Fluctibus
479 2232 515 2275 ac
540 2216 621 2277 tarda
643 2233 697 2295 per
720 2216 810 2277 densa
834 2217 975 2276 cadavera
1001 2233 1100 2295 prora.

247 2286 250 2389 1
299 2300 362 2363 llus
383 2300 472 2361 toties
492 2308 589 2378 optata
614 2300 714 2378 exegit
735 2300 831 2377 gloria
855 2300 982 2379 poenas!

247 2392 249 2449 ἐ
341 2384 390 2445 Da
411 2384 533 2461 spatium
554 2384 647 2459 vitae,
676 2384 781 2444 multos
809 2384 862 2459 da,
886 2384 1036 2461 luppiter,
1059 2383 1164 2443 anuos!

300 2468 368 2531 Hoc
390 2476 474 2527 recto
497 2466 593 2543 vultu,
623 2470 717 2530 solum
738 2469 795 2528 hoc
817 2478 847 2527 et
869 2468 994 2545 pallidus
1018 2478 1112 2547 optas.

302 2554 365 2615 Sed
394 2570 479 2631 quam
503 2553 645 2611 continuis
670 2561 699 2611 et
725 2553 837 2630 quantis
860 2551 947 2629 longa
971 2562 1110 2614 senectus
1245 2562 1295 2617 190

301 2638 395 2699 l'lena
417 2634 513 2697 malis!
537 2636 697 2696 deformem
717 2646 747 2696 et
769 2644 873 2695 tetrum
894 2646 961 2696 ante
986 2638 1080 2697 omnin
1102 2635 1210 2698 vultum

302 2718 542 2798 Dissimilemque
569 2721 629 2796 sui,
653 2720 813 2780 deformem
840 2738 894 2799 pro
921 2731 987 2781 cute
1013 2722 1122 2799 pellem

302 2804 530 2881 Pendentesque
549 2822 641 2881 genas
662 2813 692 2863 et
719 2805 794 2864 tales
815 2805 916 2882 aspice
942 2823 1042 2882 rugas,

304 2886 435 2964 Quales,
463 2886 637 2948 umbriferos
661 2888 708 2947 uhi
732 2888 830 2966 pandit
853 2887 1004 2950 Thabraca
1026 2888 1127 2964 saltus,

302 2973 333 3036 ln
361 2971 461 3033 vetula
488 2972 593 3050 scalpit
615 2974 669 3032 iam
692 2981 783 3031 mater
805 2974 887 3034 simia
910 2973 1012 3033 bucca.
1243 2983 1293 3037 195

302 3058 432 3120 Plurima
453 3064 516 3115 suut
541 3059 674 3116 irruenum
702 3056 880 3124 discrimina:
907 3057 1057 3135 pulchrior
1076 3056 1127 3115 ille

302 3142 385 3219 Hoc,
411 3148 498 3218 alque
520 3140 570 3200 ille
592 3141 666 3215 alio,
689 3141 803 3200 mullum
829 3142 877 3200 hic
899 3141 1046 3200 robustior
1067 3139 1133 3199 illo:

302 3226 369 3289 Una
392 3243 493 3285 senum
515 3224 623 3299 facies,
648 3244 711 3284 oum
737 3243 812 3284 voce
839 3226 990 3284 trementia
1012 3222 1140 3283 membra

303 3310 341 3372 ur
365 3311 422 3370 lam
444 3308 512 3368 leve
537 3319 622 3387 caput
644 3309 805 3387 madidique
832 3310 948 3369 infantia
971 3309 1043 3367 nasi.

302 3392 498 3471 Frangendus
518 3395 625 3452 misero
647 3395 764 3470 gingiva
785 3395 868 3471 panis
889 3392 1005 3452 inermi:
1242 3399 1293 3453 200

304 3479 408 3559 Usque
432 3477 506 3537 adeo
531 3478 628 3553 gravis
651 3479 735 3536 uxori
760 3479 891 3554 natisque
913 3475 1038 3554 sibique,

303 3564 341 3626 Ut
365 3562 509 3641 captatori
532 3571 648 3620 moveat
673 3561 785 3621 fastidia
809 3558 913 3619 Cosso.

302 3648 370 3709 Non
398 3644 501 3705 eadem
526 3647 584 3704 vini
608 3655 694 3723 atque
721 3645 795 3719 cibi,
816 3651 951 3721 torpente
976 3642 1086 3720 palato,

303 3730 432 3801 Gaudia;
461 3746 527 3790 nam
552 3731 645 3789 coitus
669 3732 724 3789 ianr
748 3730 836 3807 longa
861 3728 989 3804 oblivio,
1012 3727 1062 3787 vel
1087 3727 1112 3786 si
