3267 4409
326 479 389 543 230
647 478 692 542 Μ.
706 478 800 551 VAL.
815 477 1042 540 MAli‘l'lALlS

411 632 576 709 Strataque
592 650 655 691 non
671 649 746 690 unas
763 631 886 709 cingant
903 631 1039 693 triclinia
1057 632 1146 692 Baias

452 717 494 776 Et
508 715 620 775 Thetis
635 720 791 793 unguento
807 712 925 794 pallent
942 722 1036 775 uncta
1050 722 1122 794 tuo,

305 808 307 813 ’
390 797 552 862 ooandida
567 799 667 858 Setini
684 805 827 878 rumpant
846 798 992 876 crystalla
1007 800 1160 878 trientes,

453 884 592 943 Dormiat
605 883 639 942 in
656 878 759 961 pluma
775 900 834 942 uec
846 880 977 942 meliore
990 883 1112 945 Venus:

412 967 462 1028 Ad
475 973 626 1028 nocturna
641 967 724 1024 iaces
738 966 874 1025 instosue
891 965 998 1026 limina
1013 968 1162 1027 moechse

452 1053 495 1112 lot
509 1049 613 1111 madet
629 1049 706 1110 heu!
727 1047 862 1110 lacrimis
878 1051 968 1109 ianua
984 1049 1078 1110 surdo
1094 1051 1174 1130 tuis,
1254 1116 1259 1121 ,

411 1137 514 1197 Urere
528 1153 588 1195 uec
605 1135 750 1194 miserum
765 1140 889 1194 cessant
905 1135 1037 1216 suspiria
1052 1139 1173 1214 pectus.

370 1231 404 1282 10
451 1220 508 1282 Vis
526 1218 640 1298 dicun,
661 1215 742 1277 male
760 1218 801 1278 sit
819 1237 876 1278 cur
891 1219 965 1297 tibi,
985 1219 1101 1279 Cotta?
1120 1220 1203 1280 bene
1218 1225 1276 1283 est.

807 1349 890 1414 XIV.

413 1465 536 1528 Cedere
554 1467 593 1527 de
609 1469 724 1528 uostris
739 1463 821 1526 nulli
838 1473 871 1526 te
888 1465 965 1526 dicis
980 1467 1094 1528 amicis.

454 1550 533 1630 Sed,
560 1552 602 1610 sit
617 1557 652 1610 ut
668 1552 728 1610 hoc
744 1569 867 1626 verum,
890 1550 981 1628 quid,
1001 1568 1095 1628 rogo,
1117 1550 1248 1630 Crispe,
1268 1551 1362 1613 facis?

411 1635 519 1695 Mutua
536 1653 604 1694 cum
622 1640 764 1713 peterem
775 1635 921 1693 sestertia
938 1635 1089 1712 quinque,
1110 1636 1248 1713 negasti,

451 1719 521 1778 Nou
536 1723 664 1797 caperet
683 1737 821 1778 nummos
839 1725 905 1776 cum
924 1719 1023 1795 gravis
1036 1718 1111 1776 'mcc
1127 1723 1208 1780 tuos.

389 1800 541 1880 5Quando
558 1802 647 1861 labae
664 1801 798 1861 modium
810 1802 900 1860 nobis
918 1801 1049 1861 farrisve
1068 1799 1200 1881 dedisti,

453 1887 530 1947 Cum
546 1893 599 1946 tua
615 1884 751 1946 Niliacus
769 1902 842 1945 rurs
858 1884 985 1944 colonus
1002 1886 1093 1944 aret?

411 1969 538 2048 Quando
555 1972 658 2030 brevis
677 1969 799 2049 gelidae
810 1971 904 2029 missa
918 1976 968 2028 est
978 1976 1048 2046 toga
1062 1974 1204 2050 tempore
1215 1967 1361 2032 brumae?

452 2056 582 2133 Argenti
599 2056 684 2115 venit
702 2053 823 2134 quaudo
842 2052 960 2114 selibra
975 2053 1073 2112 mihi?
1124 2068 1133 2073 ·
1156 2079 1159 2085 ·

410 2137 461 2199 Nil
479 2138 562 2199 alind
574 2138 683 2217 rideo,
705 2160 765 2219 quo
781 2146 814 2199 te
832 2137 993 2198 credamus
1005 2137 1150 2214 amicum,

369 2232 404 2283 10
452 2225 549 2301 Quum
564 2223 647 2302 quod
664 2242 714 2284 nae
732 2242 834 2284 coram
849 2221 986 2304 pedere,
1004 2221 1132 2301 Crispe,
1154 2231 1248 2283 soles.

814 2364 883 2428 XV.

410 2481 539 2541 Dotatae
556 2480 643 2540 uxori
661 2499 715 2538 cor
732 2478 882 2538 arundine
900 2479 969 2538 fixit
984 2483 1088 2557 acuta,
1141 2504 1148 2511 ·

325 2614 330 2623 .
452 2562 516 2624 Sed
533 2562 604 2623 dum
620 2561 701 2625 ludit
716 2563 818 2644 Aper:
838 2560 950 2622 ludere
970 2563 1057 2622 novit
1072 2563 1169 2643 Aper.

805 2693 888 2758 xvl.

386 2857 390 2866 .
411 2808 444 2869 Si
460 2806 575 2868 donare
593 2828 683 2868 vocas
698 2809 883 2889 promittere
899 2827 958 2869 nec
976 2806 1069 2888 dare,
1091 2809 1165 2889 (tri,

452 2893 579 2955 Vincam
599 2898 631 2952 te
650 2892 738 2953 donis
754 2894 996 2972 muneribusque
1013 2895 1100 2954 meis.

410 2979 524 3059 Accipe
542 2975 687 3039 Callaicis
704 2976 855 3057 quidquid
867 2977 947 3038 fodit
963 2978 1059 3038 Astur
1072 2979 1104 3037 iu
1122 2979 1219 3056 arvis,

309 3122 312 3129 ,
452 3063 554 3122 Aurea
571 3061 722 3141 quidquid
738 3063 833 3122 hebet
850 3061 955 3122 divitis
974 3058 1055 3123 und'a
1073 3053 1101 3121 '1⁴
1103 3062 1169 3139 sgi3

387 3144 568 3224 5Quidquid
583 3147 758 3225 Erythraeo
775 3148 866 3226 niger
882 3148 1000 3207 invenit
1013 3145 1105 3205 ludus
1122 3147 1155 3206 iu
1174 3143 1245 3225 elga
1348 3204 1356 3231 ,

451 3230 608 3310 Quidquid
626 3233 708 3291 etin
725 3230 807 3291 nidis
824 3232 914 3290 unica
930 3236 1033 3291 servat
1049 3232 1129 3304 avis3

409 3313 566 3392 Quidquid
581 3315 745 3394 Agenoreo
765 3315 868 3394 Tyros
887 3314 1027 3394 improba
1044 3314 1128 3392 cogit
1145 3313 1261 3374 thena:

449 3396 607 3478 Quidquid
627 3399 743 3460 habent
760 3417 882 3477 omnes,
904 3399 1026 3478 accipe,
1048 3394 1201 3478 quomodo
1220 3396 1285 3458 das.

800 3530 896 3593 XVll.

409 3640 614 3705 Saturnalicio
632 3645 771 3706 Macrum
787 3645 934 3708 fraudare
951 3648 1088 3725 tributo,

450 3727 595 3807 Frustra,
616 3729 722 3810 Musa,
744 3730 845 3811 cupis:
867 3728 1036 3810 nonlicet,
1056 3732 1125 3813 ipse
1141 3731 1237 3811 petits

1081 4052 1192 4082 A.
1265 4066 1272 4079 x
