3267 4409
692 432 820 483 tortus
841 434 904 485 m.

298 572 479 657 componis,
501 570 576 635 dona
596 570 738 649 Veneris,
762 574 920 651 Telesine,
943 576 1061 643 marito:

297 662 357 723 hut
381 658 487 721 claude
510 666 540 719 et
561 658 674 737 positos
696 660 772 719 tinea
798 660 942 739 pertunde
966 660 1094 720 libellos.

297 744 416 823 Frange
436 742 525 803 miser
546 742 674 803 calamos
696 744 873 823 vigilataque
895 744 1008 822 proelia
1032 744 1110 823 dele,

298 830 354 905 Qui
376 828 453 889 iacis
475 828 504 887 iu
525 844 614 906 parus
636 826 767 887 sublimia
789 830 914 888 carnrinu
937 827 1025 903 cella,

297 912 334 975 Ut
358 914 465 991 dignus
485 912 586 971 venias
609 910 727 971 hederis
750 920 779 971 et
800 914 923 989 imagine
944 930 1051 974 macro.

297 1000 376 1077 Spes
399 994 477 1055 nulla
500 994 635 1063 ulterior:
658 996 756 1055 didicit
780 996 834 1055 iana
854 996 937 1057 dives
957 1014 1062 1057 avarus

298 1082 421 1143 Tantum
443 1078 593 1155 admirari,
615 1088 720 1139 tantum
743 1079 862 1140 laudaro
886 1081 1023 1157 disertos,

297 1166 333 1229 llt
355 1164 441 1245 pueri
460 1160 578 1224 lunonis
601 1180 693 1223 arem.
738 1164 796 1224 Sed
820 1164 918 1224 dclluit
940 1174 1021 1225 aetus

297 1249 334 1312 Et
353 1248 455 1329 pelagi
477 1248 591 1326 patiens
613 1256 642 1307 et
663 1248 785 1307 cassidis
807 1256 894 1328 atque
917 1247 1033 1325 ligonis.

297 1334 410 1395 l'acdia
435 1341 503 1392 tunc
524 1330 648 1391 subeunt
670 1334 796 1406 animos,
819 1340 886 1393 tunc
908 1350 1002 1411 seque
1025 1349 1164 1413 suamquc

297 1414 519 1497 Terpsichoren
542 1415 602 1476 odit
625 1414 746 1477 iucunda
768 1425 797 1476 et
822 1416 895 1475 nuda
916 1424 1062 1475 senectus.

337 1500 458 1579 Accipe
481 1516 554 1559 nunc
578 1508 672 1575 artes,
696 1500 823 1578 nequid
846 1500 897 1560 tibi
919 1500 1051 1561 conlcrat
1070 1502 1138 1577 iste,
1282 1572 1294 1585 ¹

297 1588 392 1663 Quern
418 1582 493 1645 colis
531 1591 560 1645 ct
581 1582 722 1644 hlusarum
745 1594 774 1645 et
791 1584 937 1662 Apollinis
959 1585 1035 1645 aedo
1057 1584 1170 1647 relicta.

295 1670 365 1751 lpse
386 1668 460 1729 lacit
480 1685 583 1727 versus
604 1677 691 1746 atque
715 1669 761 1727 uni
782 1668 859 1728 cedit
880 1668 1009 1729 Homero

296 1754 424 1835 Pnopter
446 1750 524 1811 mille
547 1769 650 1819 annos:
672 1761 700 1812 tu
722 1753 745 1812 si
769 1752 924 1813 dulcedine
945 1754 1039 1815 lamae

296 1842 468 1901 Succensus
489 1838 613 1911 recites,
634 1835 798 1896 rnaculosas
821 1839 985 1898 connnodat
1006 1837 1112 1899 aedes:

295 1922 377 1985 llaec
403 1918 493 1997 longe
516 1920 623 1979 serrata
647 1920 747 1980 domus
771 1922 883 1980 servire
907 1921 1032 1997 iubetur,

295 2006 324 2071 lu
348 2022 410 2087 qua
435 2002 576 2063 sollicitas
600 2004 723 2065 inritatur
742 2006 825 2064 ianua
846 2014 957 2083 portas.

261 2134 269 2159 .,
295 2094 356 2153 Scit
380 2088 455 2149 dare
477 2084 600 2147 libertos
624 2098 753 2149 extrema
775 2091 802 2149 in
824 2097 907 2167 parte
927 2088 1067 2148 sedentes

260 2216 269 2227 -
295 2174 416 2237 Ordinis
435 2180 464 2233 et
488 2190 606 2249 magnas
627 2174 760 2233 connitum
782 2174 940 2251 disponere
965 2188 1072 2239 voces:

265 2328 267 2339 ¹
295 2260 392 2321 Neruo
417 2255 497 2317 dabit
518 2274 635 2333 regum,
659 2258 755 2335 quanti
778 2255 918 2318 subsellia
940 2264 1083 2333 constant,

258 2342 261 2361 '
295 2343 331 2407 Et
356 2358 437 2423 quae
460 2340 603 2401 conducto
627 2342 754 2420 pendent
776 2341 933 2402 anabathra
955 2340 1062 2419 tigillo,

265 2450 268 2469 ¹
297 2428 445 2505 maeque
464 2426 648 2502 reportandis
670 2428 765 2505 posita
788 2434 834 2486 est
855 2425 1007 2487 orchestra
1028 2424 1184 2486 cathedris.

296 2511 357 2575 llos
380 2520 479 2571 tanuen
502 2509 558 2568 hoc
580 2511 691 2586 agimus
712 2512 849 2589 tenuique
870 2512 899 2570 in
919 2510 1041 2591 pulvere
1067 2511 1166 2572 sulcos

266 2640 269 2647 «
296 2596 440 2659 Ducimus
460 2602 489 2653 ct
511 2592 577 2653 litus
600 2593 692 2654 sterili
713 2612 865 2656 versarnus
888 2606 994 2656 aratro.

297 2680 368 2743 llam
393 2678 419 2738 si
443 2677 594 2753 discedas,
619 2677 724 2755 laqureo
747 2688 829 2740 tenet
850 2679 993 2740 ambitiosi

298 2762 492 2827 Consuetudo
515 2760 594 2828 mali:
619 2772 699 2822 tenet
721 2763 880 2823 insanabile
899 2764 1005 2824 multos

298 2845 456 2911 Scribcndi
478 2846 637 2906 cacoethes
660 2856 689 2907 et
709 2865 800 2924 aegro
821 2849 848 2906 in
872 2848 962 2907 corde
982 2848 1120 2907 senescit.

299 2934 354 2995 Sed
380 2940 479 2991 vatem
502 2932 669 3007 egregium,
692 2931 737 2991 cui
760 2949 817 2992 non
840 2932 877 2990 sit
898 2930 1014 3010 publica
1035 2948 1120 3006 vena,

299 3018 351 3093 Qut
377 3013 451 3075 nihil
474 3015 639 3091 expositum
663 3015 757 3076 soleat
779 3008 944 3089 dcdstere,
967 3032 1023 3074 nco
1044 3016 1092 3093 qui

300 3099 454 3163 (lommuni
472 3098 557 3157 leniat
580 3118 701 3171 cannen¹
717 3099 831 3160 triviale
849 3108 975 3174 moneta,

300 3184 399 3259 hunc,
425 3181 539 3262 qualem
562 3201 677 3261 nequeo
699 3192 860 3244 monstrare
884 3191 914 3243 ct
935 3183 1028 3243 sentio
1051 3191 1168 3257 tanturn,

301 3270 460 3331 luxictate
482 3285 586 3327 carens
611 3270 720 3329 animus
739 3268 823 3343 lacit,
847 3268 939 3328 onrnis
962 3266 1061 3328 acerbi

301 3352 477 3437 lrapatiens,
501 3353 623 3429 cupidus
645 3353 782 3412 silvarum
804 3360 946 3431 aptusque
968 3351 1102 3411 bibendis

301 3437 443 3501 lontibus
466 3434 619 3495 Aonidum.
664 3435 768 3517 Neque
790 3438 865 3496 enim
888 3446 1004 3497 cantare
1025 3435 1078 3495 sub
1100 3440 1182 3494 antro

302 3522 399 3586 Pierio
422 3520 608 3598 thyrsumque
629 3529 729 3599 potest
749 3523 919 3598 contingere
941 3530 1051 3583 maesta
1259 3524 1295 3580 60

302 3606 464 3689 Paupertas
483 3613 571 3683 atquc
592 3605 669 3665 aeris
686 3606 787 3685 inops,
811 3623 868 3684 quo
891 3613 978 3664 nocte
998 3605 1104 3683 dieque

304 3690 421 3775 borpns
445 3698 530 3766 eget:
554 3698 633 3750 satur
653 3698 714 3767 est,
735 3709 820 3770 quum
841 3690 910 3751 dicit
930 3688 1066 3751 lloratius
1088 3686 1197 3751 euhoe!
