3267 4409
511 471 850 554 unicalamum
862 462 1002 538 niam
1054 467 1073 575 f
1197 471 1269 538 -265

686 624 835 702 xxmv„

314 725 419 790 Aedes
434 728 509 789 emit
522 730 624 808 Aper,
647 725 702 787 sed
718 744 791 805 quas
807 726 993 797 necnoctna
1005 722 1102 785 vellet

358 814 438 873 Esse
453 831 539 886 snas;
561 810 639 871 adeo
653 811 742 887 nigra
755 814 905 885 vetusque
921 808 990 866 casa
1003 813 1061 870 est.

316 897 445 959 Vicinos
460 894 507 955 illi
521 894 637 955 nitidus
652 895 741 954 Maru
756 890 896 972 possidet
910 891 1027 952 hortos.

357 980 490 1041 Cenabit
504 977 612 1058 belle,
623 997 686 1038 non
699 976 850 1037 habitabit
865 975 957 1059 Aper.

686 1089 810 1173 xxxv.
879 1147 880 1152 a

317 1212 442 1290 Ignotos
456 1209 532 1270 mibi
547 1227 615 1270 cnm
627 1227 720 1270 voces
732 1212 908 1287 trecentos,

316 1295 419 1371 Quare
435 1314 498 1354 non
513 1296 632 1354 veniam
645 1297 770 1353 vocatus
785 1291 823 1351 ad
838 1298 885 1370 te,

315 1379 445 1441 Miraris
461 1381 663 1457 quererisque
677 1374 853 1454 litigusqne.

317 1462 408 1524 Solus
420 1481 517 1542 ceno,
534 1460 686 1539 Fabulle,
707 1480 769 1519 non
785 1459 931 1522 libenter.

681 1564 817 1660 xxxvi
904 1626 910 1640 -

316 1708 411 1770 Gaius
425 1709 505 1770 hane
518 1704 620 1769 lucem
634 1727 751 1791 gemma
764 1710 840 1770 mihi
853 1707 946 1770 Iulius
960 1707 1031 1770 alba

360 1793 484 1871 Signat,
505 1793 551 1870 io,
571 1795 650 1852 votis
665 1792 824 1872 redditus,
847 1812 937 1872 ecce,
958 1795 1045 1855 meis,

315 1876 508 1956 Desperasse
522 1877 604 1936 iuvat
618 1876 787 1938 relatiuam
800 1885 900 1958 rupta
905 1897 1045 1937 surorum

357 1959 445 2036 FiIa3
466 1962 565 2020 minus
580 1961 715 2039 gaudent
730 1965 781 2041 qui
796 1963 928 2022 timuere
941 1958 1031 2021 nihil.

296 2044 447 2124 5Hypue‚
470 2043 546 2123 qnid
558 2052 718 2125 expectas,
739 2046 852 2125 piger?
869 2042 1042 2104 immortale
1057 2039 1222 2105 Falernum

357 2126 485 2205 Funde,
505 2146 612 2189 senem
626 2135 757 2208 poscunt
769 2127 842 2188 talia
857 2132 927 2189 vota
942 2127 1058 2188 cadum

317 2211 513 2288 Quincunces
530 2219 563 2272 et
576 2231 630 2272 sex
646 2215 773 2291 cyathos
786 2213 970 2292 bessemqne
984 2213 1138 2290 bibamus,

359 2296 460 2358 Gema
474 2302 511 2358 ut
520 2298 575 2357 fiat
588 2298 688 2358 lunius
704 2302 738 2356 et
753 2297 925 2359 Paucnuns.

676 2430 828 2496 xxxvn
894 2408 907 2421 ‘

289 2577 292 2581 -
317 2537 425 2620 Zeile,
445 2540 520 2621 qnid
534 2548 600 2604 tuta
614 2563 763 2623 gemmam
779 2545 985 2626 praecingere
999 2541 1082 2603 libra

362 2625 410 2685 Te
424 2626 507 2686 iuvat
523 2632 557 2686 et
569 2630 714 2689 miserum
728 2628 863 2709 perdere
879 2627 1099 2708 sardonyche?

318 2707 438 2770 Anulus
451 2711 512 2770 iste
526 2713 587 2771 tuis
601 2713 703 2773 fuerat
719 2713 810 2773 modo
826 2714 966 2774 cruribus
980 2717 1078 2793 aptus.

359 2793 429 2854 Non
445 2794 553 2878 eadem
566 2795 670 2876 digitis
683 2787 823 2878 pondera
839 2799 1032 2859 conveniunt

602 2952 606 2960 '
674 2945 838 3008 XXXVIII.
977 3014 982 3020 ,

318 3051 421 3118 Mulio
437 3056 546 3135 viginti
562 3057 647 3117 venit
662 3057 753 3117 modo
767 3055 908 3135 mllibus,
929 3053 1019 3118 Aule.

360 3139 488 3201 Miraris
501 3142 635 3222 pretinm
651 3146 712 3200 tam
727 3140 842 3219 gravei
863 3137 1065 3211 surduserat.

688 3273 826 3335 XXXIX.

289 3442 302 3461 ,
319 3387 475 3467 Cunarum
488 3375 593 3448 fueras
606 3393 727 3465 motor,
744 3385 946 3466 Charideme,
966 3405 1103 3448 mearam

360 3473 505 3553 nepueu
521 3476 623 3532 custus
638 3472 838 3550 assiduusque
852 3490 965 3534 comes

319 3556 383 3617 lam
396 3556 471 3615 mibi
486 3557 667 3634 nigrescunt
681 3565 770 3616 tonsu
784 3556 907 3616 sudaria
920 3556 1017 3617 barba

364 3641 407 3700 Et
422 3641 563 3719 queritur
577 3638 674 3700 labris
686 3647 801 3721 puncta
814 3639 918 3721 puella
928 3628 1020 3702 meis
1108 3672 1111 3677 ·
1139 3631 1145 3639 ’
1164 3652 1183 3687 -.=
1299 3654 1302 3659 ·

296 3722 388 3788 bsed
400 3724 459 3786 tibi
473 3743 537 3784 non
550 3724 651 3801 crevi3
665 3731 698 3787 te
711 3731 820 3788 noster
833 3724 941 3787 vssicns
954 3720 1139 3804 barret,·'
1140 3762 1143 3767 -
1143 3648 1337 3890 i*
