3267 4409
508 426 512 433 ·
547 429 885 522 nurcuannarou
899 432 1027 496 annu.
1113 519 1119 526 Ι

714 582 804 662 ιιι,
826 585 856 644 ι.

342 703 488 764 Venerat
501 701 650 780 Europen
664 701 802 760 fraterna
814 720 872 780 per
880 678 1020 781 =aequora
1035 710 1156 765 taurus:

387 786 432 846 At
447 804 533 844 nunc
547 784 677 844 Alciden
693 791 797 843 taurus
811 786 844 843 iu
860 791 941 844 astra
956 785 1036 848 tulit.

344 869 493 932 Caesaris
509 873 601 946 atque
615 869 693 927 Iovis
709 869 816 927 confer
830 887 926 947 nunc,
943 870 1038 947 fama,
1058 872 1218 932 iuvencos:

387 954 452 1015 Par
468 971 546 1012 onus
559 957 594 1011 ut
607 949 754 1028 tulerint,
776 950 866 1010 altius
880 953 940 1012 iste
955 952 1036 1013 tulit.

738 1083 833 1147 XVII.

306 1196 311 1209 '
344 1196 440 1276 Quod
453 1197 524 1277 pius
539 1202 572 1255 et
586 1194 717 1276 supplex
731 1194 858 1275 clephas
870 1201 921 1275 te,
943 1199 1072 1276 Caesar,
1092 1197 1200 1258 adorat

388 1282 453 1340 Hic
469 1278 560 1339 modo
575 1281 628 1358 qui
645 1286 733 1339 tauro
749 1285 811 1338 tam
827 1280 1010 1340 metuendus
1025 1289 1109 1359 erat,

343 1366 416 1426 Non
430 1365 508 1422 facit
522 1364 581 1439 hoc
596 1364 696 1422 iussus
710 1361 860 1442 nulloque
875 1363 1008 1423 docente
1023 1367 1183 1444 magistro:

387 1446 495 1509 Crede
510 1447 601 1524 mihi,
621 1453 759 1506 nostrum
774 1447 870 1506 sentit
885 1454 917 1508 et
930 1446 985 1508 ille
1001 1447 1100 1510 deum.

728 1580 836 1642 XVIII.

342 1697 502 1757 Lambere
520 1695 622 1755 securi
637 1692 776 1755 dextram
791 1703 938 1754 consueta
951 1696 1088 1774 magistri

389 1779 499 1858 Tigris
511 1780 548 1838 ah
563 1779 707 1857 Hyrcano
722 1778 820 1856 gloria
834 1776 904 1837 rara
918 1780 1006 1857 iugo,

304 1871 312 1878 “
344 1863 446 1924 Saeva
460 1863 562 1922 ferum
574 1861 682 1921 rabido
698 1861 847 1922 laceravit
862 1861 956 1921 dente
969 1861 1108 1923 leonem:

387 1947 453 2006 Res
469 1966 563 2022 nova,
584 1965 646 2004 non
660 1945 731 2005 ullis
747 1940 869 2023 cognita
883 1946 1082 2025 temporibus.

322 2032 431 2092 5Ausa
447 2035 497 2088 est
510 2027 574 2089 tale
587 2028 681 2107 nihil,
703 2028 786 2088 silvis
805 2028 876 2088 dum
890 2029 964 2088 uixit
978 2031 1010 2088 iu
1025 2028 1111 2089 eltis:

387 2114 558 2193 Postquam
572 2114 655 2172 Inter
668 2132 725 2173 nos
741 2120 805 2190 est,
825 2111 896 2192 plus
911 2112 1045 2173 feritatis
1060 2113 1162 2172 habet.

742 2245 819 2331 ιιι.

344 2359 405 2436 Qui
420 2354 514 2417 modo
528 2374 586 2436 per
600 2363 695 2417 totam
708 2359 837 2418 flammis
852 2355 1024 2418 stimulatus
1038 2359 1183 2420 harenam

388 2437 568 2501 Sustulcrat
580 2448 683 2520 reptas
698 2449 803 2501 taurus
820 2444 853 2500 iu
868 2449 949 2502 astra
962 2441 1052 2521 pilas,

342 2524 500 2585 Occubuit
513 2522 638 2584 tandem
649 2519 744 2584 cornu
758 2527 880 2605 potiore
895 2527 1026 2604 petitus,

386 2610 468 2668 Dum
481 2606 606 2668 facilem
623 2606 694 2668 tolli
708 2611 753 2668 sic
768 2607 932 2688 elephanta
946 2616 1043 2690 putat.

745 2742 812 2804 XX.

343 2855 422 2915 Cum
435 2858 564 2933 peteret
576 2872 647 2932 pars
661 2853 737 2913 haec
748 2854 916 2932 Myrinum,
931 2872 1002 2932 pars
1018 2852 1072 2915 illa
1087 2855 1297 2934 Triumphum,

385 2937 536 2997 Promisit
550 2938 668 3015 pariter
682 2938 796 2997 Caesar
810 2945 941 3015 utraque
955 2956 1054 3002 manu.

341 3022 413 3081 Non
427 3014 532 3100 po'tuit
546 3018 654 3079 melius
666 3019 754 3080 litem
769 3021 860 3081 finire
876 3022 1018 3082 iocosam.

386 3103 413 3164 0
429 3101 521 3163 dulce
535 3103 643 3162 invicti
655 3105 804 3183 priucipis
818 3103 989 3182 ingenium!

738 3235 817 3296 XXI.

343 3346 503 3427 Quidquid
516 3349 550 3407 in
565 3348 691 3426 Orpheo
705 3347 857 3427 Rhodope
871 3353 1028 3426 spectasse
1042 3345 1164 3405 theatro

384 3433 523 3510 Dicitur,
545 3433 699 3507 exhibuit,
722 3433 852 3509 Caesar,
872 3433 988 3490 harena
1001 3431 1068 3492 tibi.

343 3516 523 3596 Repserunt
539 3514 657 3594 scopuli
672 3513 870 3593 mirandaque
884 3513 960 3572 silva
974 3513 1125 3590 cucurrit,

386 3599 486 3676 Quale
500 3599 597 3658 fuisse
614 3616 720 3680 nemus
736 3597 874 3657 creditur
888 3597 1105 3676 Hesperidum.

326 3683 446 3744 sdffutt
459 3683 629 3743 Immixtum
642 3683 749 3763 pecori
764 3700 861 3760 genus
877 3699 966 3740 omne
982 3680 1117 3741 ferarum
