3267 4409
236 265 1340 373 ’ἶ

325 557 388 638 aas
599 647 602 654 Ι
652 558 696 622 m
713 558 805 622 van.
821 555 1047 621 amamus

720 761 827 828 LXIV.
854 763 967 824 libiae.

409 871 505 934 Ebria
517 890 574 932 nor
589 870 719 933 madidis
736 876 852 953 rumpit
865 874 993 934 tibicina
1009 869 1130 932 buccis:

453 955 553 1038 Saepe
568 954 642 1018 duas
655 960 790 1038 pariter,
811 975 905 1038 saepe
920 955 1084 1017 monaulon
1097 956 1198 1017 habet.

653 1090 747 1156 LXV.
767 1088 881 1153 Soleae
894 1093 1031 1153 lanatae.

409 1187 554 1248 Defuerit
568 1189 595 1250 si
608 1190 691 1250 forte
706 1210 785 1271 puer
800 1190 963 1269 soleasque
976 1187 1089 1248 libebit

451 1272 596 1353 Sumere,
616 1293 673 1356 pro
687 1293 784 1355 puero
800 1293 856 1355 pes
871 1276 933 1334 erit
945 1275 1013 1356 ipse
1027 1273 1092 1332 sibi.

678 1408 785 1472 LXVI.
809 1408 994 1469 Mamillare.

412 1502 548 1563 Taurino
562 1510 688 1584 poteras
702 1513 812 1586 pectus
828 1506 1038 1583 constringere
1051 1486 1152 1579 te‘rgo.
1229 1574 1234 1585 Ι

450 1587 527 1647 Nam
540 1588 632 1668 pellis
642 1609 789 1650 mammas
803 1607 866 1649 non
880 1591 962 1669 capit
976 1591 1031 1649 ista
1045 1590 1122 1644 tuas.

569 1722 689 1785 LXVII.
711 1723 904 1785 Muscarium
914 1721 1112 1804 paeonicum.

408 1814 560 1877 Lambere
576 1837 654 1896 quac
668 1826 775 1900 turpes
790 1821 938 1900 probibet
947 1824 1000 1878 tua
1014 1814 1143 1898 prandia
1156 1835 1289 1896 muscas,

450 1899 545 1960 Alitis
560 1903 688 1963 eximiae
704 1903 799 1964 cauda
812 1907 942 1985 superba
955 1903 1024 1962 init.

636 2035 770 2100 LXVIII.
795 2036 895 2118 Copta
910 2034 1042 2096 Rhodia.

409 2134 572 2195 Peccantis
586 2133 692 2195 famuli
710 2155 812 2216 pugno
827 2154 868 2195 ne
879 2139 1010 2213 percute
1026 2131 1155 2206 ‹lentes3

452 2220 544 2280 Clara
556 2218 684 2280 Rhodos
698 2227 819 2300 coptam
837 2237 922 2297 quam
937 2218 995 2277 tibi
1008 2218 1093 2276 misit
1107 2216 1189 2278 edat.
1312 2246 1317 2251 ·

618 2352 725 2413 LXIX.
748 2354 878 2434 Priapus
892 2353 1063 2433 sittga'ueus.

410 2449 444 2511 si
457 2450 501 2510 vis
517 2466 586 2509 esse
600 2457 701 2530 satur,
721 2458 859 2512 nostrum
871 2455 962 2530 potes
978 2462 1048 2509 esse
1061 2447 1224 2531 Priapmn3

450 2534 518 2633 Ipsa
531 2533 608 2593 licet
621 2533 712 2595 rodas
725 2537 865 2615 inguiua,
885 2553 981 2614 purus
998 2534 1071 2593 eris.
1097 2570 1106 2585 .
1221 2570 1224 2575 -

719 2669 811 2730 LXX.
833 2668 960 2729 Porcus.

407 2762 471 2824 Iste
484 2765 543 2825 tibi
557 2764 652 2825 iaclet
666 2766 746 2824 bona
761 2762 936 2824 Saturnalia
953 2782 1082 2844 porcus,

449 2850 535 2909 luter
550 2855 725 2929 spumantes
739 2848 812 2909 ilice
827 2854 933 2928 pastus
948 2867 1048 2928 apros.

592 2983 698 3043 LXXI.
722 2981 912 3043 Muscarium
927 2972 1085 3044 bubulum.

407 3078 539 3141 Sordida
554 3081 581 3140 si
594 3082 672 3140 flavo
687 3081 784 3140 fuerit
797 3081 856 3141 tibi
871 3079 999 3161 pulvere
1012 3078 1124 3156 vestis,

449 3162 583 3244 Colligat
596 3166 677 3224 bunc
690 3165 783 3224 tenui¹
792 3167 924 3225 verbere
939 3162 1035 3224 cauda
1049 3161 1138 3224 levis.

695 3297 814 3358 LXXII.
840 3298 987 3359 Botulus.

409 3396 469 3472 Qui
482 3398 567 3456 venit
580 3393 704 3457 botulus
719 3396 839 3457 mediae
853 3398 913 3457 tibi
925 3403 1068 3476 temporo
1082 3396 1228 3471 brumae,

449 3479 573 3541 Saturni
588 3487 708 3561 septem
722 3486 851 3541 venerat
865 3488 936 3540 ante
951 3479 1029 3540 dies.

676 3615 808 3675 LXXIII.
833 3615 1002 3675 Psittacus.

405 3709 557 3771 Psittacus
573 3713 686 3772 avobis
702 3713 830 3772 aliorum
844 3714 968 3772 nomIna
983 3711 1085 3771 disco:
1283 3784 1293 3797 ·

447 3795 515 3855 Hoc
528 3794 623 3857 diolci
636 3815 694 3877 per
708 3815 757 3856 me
772 3795 879 3856 dicere
897 3795 1031 3875 Cacsar,
1052 3811 1121 3857 aaa.
1184 3836 1189 3857 ι
1301 3846 1313 3867 .,

1112 3914 1118 3923 ι
1145 3922 1148 3927 ,
1202 3926 1211 3937 a
1224 3892 1275 3932 'aq'
1288 3890 1303 3911 '¹'

1177 3900 1340 3974 “ssm-
