3267 4409
326 559 390 623 aaa
621 553 1038 651 mammarum

452 711 501 772 'l'e
516 702 728 791 dispeusator,
749 714 782 769 te
797 705 905 773 domus
918 710 985 790 ipra
999 713 1099 789 pavet.

410 794 534 858 Ludere
548 813 607 854 nec
621 795 728 872 nobis,
749 813 808 854 nec
823 796 1026 874 tu'permittia
1041 811 1162 871 amare;

449 878 501 940 Nil
514 881 590 939 mihi
604 879 648 939 vis
663 884 696 938 et
709 878 754 938 via
770 884 880 938 cuncta
892 877 990 939 licere
1006 878 1074 941 tibi.

411 963 568 1044 Corripis,
591 963 752 1039 observas,
774 964 932 1040 quereris,
954 962 1085 1043 suspiria
1101 959 1205 1043 ducis,

369 1059 404 1111 lo
453 1047 495 1109 Et
511 1048 560 1107 vix
575 1067 593 1106 a
605 1044 716 1106 ferulis
730 1052 884 1126 temperat
897 1048 945 1106 ira
958 1052 1019 1106 tua.

409 1131 442 1192 si
460 1133 572 1211 Tyrios
588 1132 702 1210 sumpsi
718 1131 816 1191 cultus
832 1132 941 1190 unxive
956 1128 1099 1211 capillos,

450 1215 609 1277 Exclamas
623 1215 803 1293 „Nunquam
819 1214 940 1274 fecerat
952 1216 1012 1274 ista
1026 1211 1153 1295 pater.“·
1183 1277 1189 1283 ,

406 1299 448 1362 Et
462 1317 604 1359 numeras
619 1304 743 1358 nostros
758 1299 884 1359 astricta
898 1299 1002 1358 fronte
1016 1300 1167 1377 trientes,

452 1383 611 1463 Tanquam
630 1382 670 1443 de
684 1382 762 1443 cella
776 1384 817 1443 sit
836 1382 930 1442 cadus
944 1381 1002 1442 ille
1016 1388 1076 1443 tua.

367 1466 537 1540 15llesine3
557 1487 620 1527 noa
637 1486 761 1547 possum
773 1465 921 1527 libertam
936 1467 1022 1527 ferre
1036 1467 1205 1551 Catonem„

448 1551 528 1612 Esse
543 1553 642 1612 virum
656 1553 716 1612 iam
730 1570 779 1612 me
795 1550 880 1611 dicet
894 1553 990 1612 amica
1003 1552 1070 1613 tibi.
1132 1571 1137 1579 ·

807 1668 862 1729 XL
968 1728 971 1733 .

407 1769 585 1830 Formosam
599 1764 755 1846 Glyceran
769 1764 1021 1845 amatLupercus
1106 1838 1109 1843 Α
1221 1836 1224 1840 ⁴

406 1851 546 1915 ursolus
561 1857 650 1912 tenet
666 1848 966 1930 imperatque‘solaa.
1089 1917 1094 1926 .

407 1938 503 2014 Quam
521 1943 587 1996 toto
601 1937 660 1995 sibi
674 1953 779 1994 mense
795 1953 858 1994 non
872 1934 1003 1994 fututam

407 2023 484 2083 Cam
498 2021 597 2081 tristis
613 2024 798 2099 quereretur
812 2023 846 2078 et
860 2018 982 2097 roganti

382 2107 534 2169 acausam
547 2103 682 2165 reddere
696 2102 792 2164 vellet
805 2100 953 2181 Aeliano,

405 2189 597 2271 Respondit,
617 2189 769 2270 Glycerae
785 2186 895 2248 dolere
910 2185 1029 2248 dentes.

803 2318 883 2380 XLl.

407 2414 551 2496 Indulget
565 2417 672 2496 pecori
686 2417 811 2477 nimium
827 2416 899 2476 dum
914 2420 1026 2495 pastor,
1035 2415 1183 2497 Amyntas
1205 2468 1211 2476 .

451 2502 493 2560 Et
507 2500 620 2578 gaudet
634 2501 714 2559 fama
727 2500 908 2579 luxuriaque
924 2496 1084 2579 gregia,.*

406 2583 564 2644 (ledentes
579 2585 667 2644 oneri
681 2603 782 2643 ramos
797 2582 965 2662 silvamque
980 2585 1129 2647 fluentem

449 2669 550 2745 Vicit,
568 2686 731 2727 concussas
746 2669 814 2747 ipse
830 2674 954 2745 secutus
969 2687 1054 2749 opes.

382 2749 514 2811 5Triste
528 2769 635 2810 nemus
651 2749 737 2810 dirae
750 2751 849 2811 vetuit
864 2770 1028 2831 superesse
1043 2752 1150 2815 ruinae

445 2835 666 2914 Damnavitque
679 2836 764 2914 rogis
779 2836 869 2895 noxia
881 2834 964 2915 ligna
978 2842 1077 2916 pater.

404 2918 554 2997 Pingues,
575 2917 698 2997 Lygdo,
719 2938 790 2979 sues
807 2921 920 2980 habeat
937 2921 1054 2982 vicinus
1069 2918 1174 2983 Iollas:

447 3003 496 3063 'l'e
512 3004 586 3063 satis
601 3008 650 3063 est
662 3004 752 3064 nobis
768 3023 971 3065 annumerare
984 3023 1088 3086 pecus.

789 3133 880 3196 XLII.

368 3235 371 3241 '
404 3227 515 3293 Vivida
529 3249 595 3290 cum
609 3246 718 3311 poscas
733 3231 965 3309 epigrammata,
982 3235 1102 3290 mortua
1116 3232 1206 3312 ponis

384 3316 386 3320 ’
447 3314 612 3374 Lemmata.
641 3313 722 3390 Quid
735 3316 822 3392 fieri,
845 3312 1035 3393 caeciliane,
1056 3316 1184 3395 potasti

403 3398 500 3460 Mella
513 3399 602 3458 iubes
615 3397 756 3477 Hyblaea
769 3399 827 3458 tibi
841 3395 892 3458 vel
908 3398 1067 3477 Hymettia
1080 3400 1182 3480 nasci,
1269 3454 1275 3460 .

442 3482 486 3543 Et
500 3483 605 3562 thyma
619 3482 789 3564 Cecropiae
805 3483 931 3542 Corsica
945 3483 1036 3563 ponis
1050 3482 1122 3564 apii

783 3616 887 3678 XLlll.

404 3710 599 3790 Deprensum
614 3714 646 3772 in
660 3732 758 3794 puero
773 3716 894 3776 tetricis
909 3732 958 3775 me
972 3715 1114 3794 vocibus,
1136 3734 1231 3797 uxor,

446 3795 586 3880 Corripis
603 3803 637 3858 et
653 3796 754 3860 culum
767 3804 800 3859 te
815 3817 937 3880 quoque
950 3799 1067 3862 habere
1080 3799 1192 3865 refers.
1252 3876 1258 3886 Ι
