3267 4409
509 418 938 530 oruciaoooouuouuuo‚
954 451 1005 514 vu.
1215 455 1277 520 oro

339 598 387 661 'iot
399 599 588 682 spectacula,
609 607 658 661 tot
675 601 767 680 deor,
791 609 840 663 tot
855 606 963 664 urbes:
1012 660 1022 678 ,
1102 636 1105 643 ·

323 684 396 745 tPlor
408 685 501 747 debet
514 687 574 746 tibi
588 685 701 765 Roma,
722 685 805 766 quod
819 686 933 769 pudica
947 696 1004 750 est.

736 823 773 885 V.

337 929 441 993 tucca
456 939 611 993 mercatus
625 932 728 995 multis
746 954 812 996 sum
826 937 953 1017 praedia
966 939 1112 1000 nummiat

367 1015 467 1077 Mutua
483 1015 695 1097 desecatum,
717 1018 912 1100 Caeciliano,
932 1040 1018 1100 rogo.

338 1097 375 1159 Ni]
386 1101 666 1181 mihi‘respoudes?
692 1103 834 1165 Tacitum
849 1111 881 1166 tc
897 1105 1003 1166 dicere
1019 1105 1114 1169 crcdo

367 1185 447 1263 „Non
461 1184 619 1247 reddea:“
634 1185 722 1267 ideo,
746 1189 939 1271 caeciliane,
962 1211 1048 1270 rogo.

728 1324 780 1386 Vl.

289 1432 291 1517 ξ
339 1430 462 1496 Comoedi
478 1441 545 1504 tres
560 1440 647 1511 sunt,
670 1434 727 1495 sed
741 1443 821 1496 amat
836 1443 887 1496 tua
901 1437 1009 1516 Paula,
1032 1440 1190 1521 Luperce‚

289 1532 291 1573 o
369 1518 527 1594 Quattuor:
550 1523 583 1579 et
597 1510 715 1597 κωφὸν
734 1518 831 1580 Paula
845 1514 1026 1598 πρόσωπον
1044 1532 1133 1587 amat.

638 1694 678 1706 .-
719 1654 784 1716 VH.

340 1763 395 1828 iulia
405 1767 456 1830 lex
468 1768 592 1850 populis
608 1787 645 1829 ex
661 1787 740 1847 quo,
761 1766 928 1847 Faustino,
949 1778 1057 1832 renato
1071 1781 1120 1833 est

368 1853 460 1934 dique
475 1856 596 1914 intrare
613 1851 720 1913 domos
734 1853 816 1912 iussa
832 1853 987 1914 Pudicitia
1002 1862 1065 1934 cst,

339 1932 384 1996 dut
397 1941 511 2017 minus,
534 1945 587 1997 aut
601 1944 688 1998 certe
702 1956 765 1996 non
778 1936 848 2016 pluo
865 1939 1022 1999 triceoima
1038 1937 1091 2000 lux
1104 1946 1168 2020 est,
1267 1944 1270 1949 '

367 2021 400 2081 lto
414 2025 503 2085 nubit
517 2020 637 2083 decimo
654 2023 715 2081 iam
729 2019 882 2082 Teleailla
895 2024 972 2087 viro.
1195 2085 1200 2093 ,

328 2101 405 2179 otuu
417 2109 508 2168 nubit
521 2108 654 2185 totiens,
674 2125 736 2166 non
750 2107 854 2164 nubit:
876 2105 1019 2167 adultera
1031 2105 1104 2187 lege
1121 2113 1178 2170 cat.

367 2190 511 2253 Offendor
524 2192 654 2252 moecha
668 2188 857 2270 simpliciore
872 2192 979 2254 minus.

713 2324 791 2388 Vlli.

339 2432 490 2500 Praeconeu
506 2435 585 2517 duo,
608 2443 753 2518 quattuor
768 2439 903 2518 tribuni,

339 2516 442 2603 Septem
456 2522 620 2602 causidici,
642 2521 751 2582 decem
764 2528 877 2602 poetae

339 2601 480 2669 Guiuadam
496 2606 588 2669 modo
602 2608 724 2688 nuptias
740 2609 891 2687 petebant

337 2687 487 2770 iquodom
501 2711 586 2754 seue.
615 2692 684 2751 Nou
698 2697 835 2752 moratus
851 2690 907 2751 illc

325 2768 466 2838 simeoni
481 2776 571 2837 dedit
583 2775 702 2855 Eulogo
717 2775 862 2857 puellam.

336 2853 389 2941 dic,
407 2858 557 2943 numquid
571 2861 674 2940 fatue,
696 2861 830 2939 Severe,
851 2860 950 2921 fecit?

727 2995 779 3061 ux.
809 3066 813 3083 ¹

335 3102 550 3193 lul’ompeiano
566 3108 699 3187 dormio,
719 3109 871 3187 Laevino,
893 3108 1033 3166 theatro:

289 3244 292 3249 .
361 3193 397 3256 iot
414 3196 574 3277 quereris,
597 3195 624 3255 si
638 3200 671 3254 te
686 3195 815 3255 suscitat
831 3190 993 3269 Oceanus?

731 3329 769 3391 X.

289 3400 290 3457 ζ
333 3434 413 3504 Pauca
426 3445 530 3505 iovem
548 3462 649 3523 nuper
664 3463 731 3504 cum
747 3440 832 3502 milia
846 3440 930 3499 forte
943 3453 1100 3514 rogarem,

361 3527 431 3605 „llic
446 3527 556 3589 dahit“
571 3527 649 3586 dixit
664 3529 740 3607 „qui
754 3527 829 3585 mihi
843 3521 959 3602 templa
974 3518 1094 3581 dedit.“

333 3604 444 3695 Templa
461 3613 589 3694 quidem
604 3610 691 3672 dedit
704 3611 760 3672 ille
774 3610 854 3687 Iovi,
877 3606 934 3668 sed
948 3602 1033 3664 milia
1046 3604 1136 3664 uobis

289 3744 291 3787 ἰ
331 3696 446 3839 ΜΝιιΠα
460 3697 567 3760 dedit:
587 3694 701 3777 pudet,
722 3697 778 3775 ah,
799 3712 896 3774 pauca
910 3706 1037 3770 rogasse
1049 3687 1165 3834 iovem.

357 3800 420 3849 rau.
