3267 4409
373 499 413 562 76
717 507 753 556 n.
773 506 845 556 ιιιιι.
865 506 1052 556 musaeum

372 650 506 728 Hospes,
530 658 559 709 et
581 649 645 727 ipse
666 647 761 707 tamen
783 647 954 724 contingens
975 646 1113 724 sanguine
1137 641 1268 711 coelum:

373 734 457 794 Alter
479 734 577 812 aquis,
603 728 676 792 alter
699 730 818 795 dammis
841 731 876 791 ad
899 731 995 792 sidera
1017 732 1131 790 missus.

372 818 495 897 Fcrcula
519 834 594 875 nunc
620 815 685 875 audi
708 815 793 875 nullis
818 823 917 875 ornata
939 814 1081 875 macellis.

372 901 417 961 De
442 900 591 960 Tiburtino
612 900 711 958 veniet
733 900 936 977 pinguissimus
960 915 1032 975 agro

373 984 518 1044 llaedulus
541 993 570 1043 et
592 992 654 1043 toto
679 1000 772 1060 grege
794 982 927 1058 mollior,
951 982 1059 1042 luscius
1080 981 1201 1061 herbae,

372 1068 502 1129 Necdum
522 1084 608 1127 ausus
629 1067 728 1143 virgas
749 1066 862 1126 humilis
885 1065 1021 1126 mordere
1041 1066 1147 1142 salicti,

373 1151 429 1225 Qui
450 1152 515 1230 plus
539 1151 623 1210 lactis
647 1149 736 1211 lrabet
758 1168 843 1230 quam
867 1151 1028 1227 sanguinis,
1055 1158 1084 1209 et
1104 1152 1229 1213 montani

372 1236 533 1313 Asparagi,
558 1236 653 1313 posito
678 1250 752 1312 quos
778 1234 852 1310 legit
885 1234 970 1294 vilica
996 1235 1076 1303 luso;

374 1319 497 1381 Grandia
523 1327 677 1397 praeterea
702 1327 839 1396 tortoque
863 1318 987 1379 calentia
1009 1317 1097 1377 foeno

373 1401 435 1463 Ova
458 1402 593 1461 adsunt
584 1402 655 1480 rpsis
678 1419 742 1462 cum
766 1402 919 1478 matribus,-
946 1411 975 1462 et
998 1409 1131 1462 servatae

372 1487 458 1546 Parte
485 1487 565 1561 anni,
590 1484 692 1565 quales
717 1485 862 1545 luerant'
854 1505 882 1545 ιιι
905 1483 1030 1561 vitibus,
1052 1503 1137 1561 uvae,

373 1571 519 1646 Signinum
545 1569 716 1647 Syriumque
737 1570 846 1659 pirum,
870 1569 907 1630 de
931 1529 1068 1629 corbibus
1090 1570 1182 1629 isdem

372 1652 495 1712 Aemula
520 1651 633 1712 Picenis
660 1661 690 1712 et
712 1653 810 1713 odoris
826 1638 909 1713 mala
925 1654 1070 1729 recentis,

371 1736 436 1797 Nec
454 1736 606 1801 metuenda
628 1735 695 1810 tibi,
720 1738 859 1796 siccatum
881 1737 991 1814 frigore
1015 1745 1168 1836 postquam

372 1818 543 1881 Autumnum
570 1829 599 1879 et
620 1819 701 1878 crudi
724 1836 851 1898 posuere
875 1820 1007 1898 pericula
1030 1822 1121 1880 succi.

372 1904 454 1966 llaec
478 1904 546 1963 olim
567 1902 659 1963 nostri
680 1905 735 1962 iam
757 1903 904 1965 luxuriosa
928 1913 1045 1964 senatus

264 2038 266 2041 .
373 1985 474 2048 Coena
498 1988 565 2048 luit:
588 1985 707 2063 Curius,
733 2005 824 2066 parvo
849 2006 924 2067 quae
945 1987 1060 2065 legerat
1085 1986 1212 2075 horto,

372 2069 441 2149 lpse
466 2072 541 2131 focis
563 2070 700 2131 brevibus
724 2071 853 2150 ponebat
875 2071 1022 2148 oluscula,
1048 2088 1123 2150 qnae
1142 2063 1217 2133 nunc

372 2155 559 2233 Squalidus·
544 2174 586 2214 m
605 2172 707 2232 magna
728 2154 836 2215 fastidit
857 2155 999 2234 compede
1023 2154 1130 2231 iossor,

373 2238 429 2313 Qui
453 2241 597 2315 meminit,
622 2239 734 2301 calidae
755 2240 849 2318 sapiat
871 2238 939 2318 quid
959 2240 1045 2299 vulva
1066 2239 1202 2318 popinae.

373 2322 451 2382 Sicci
478 2333 561 2400 terga
587 2325 662 2398 suis,
677 2341 753 2384 vrara
769 2323 930 2402 'pendentia
956 2332 1046 2399 crate,

372 2405 461 2466 lloris
488 2416 551 2466 erat
576 2405 718 2484 quondam
746 2408 831 2467 lestis
852 2424 972 2468 servare
994 2406 1097 2467 diebus

371 2489 409 2550 Et
435 2490 599 2550 natalicium
622 2493 752 2569 cognatis
775 2509 887 2570 ponere
911 2490 1031 2565 lardum,

372 2573 545 2635 Accedente
569 2591 661 2651 nova,
684 2576 709 2634 si
732 2594 815 2654 quam
840 2575 924 2636 dabat
948 2574 1057 2650 hostia,
1084 2587 1180 2631 carne.

373 2652 569 2734 cognatorum
595 2618 699 2737 aliqbis
721 2660 804 2720 titulo
830 2668 877 2720 ter
900 2656 1027 2719 consulis
1050 2663 1136 2735 atqua

374 2738 575 2802 Castrorum
566 2744 695 2820 imperiis
718 2751 747 2803 et
768 2742 918 2805 dictatoris
942 2741 1055 2804 bonore

371 2823 499 2886 Functus
523 2824 559 2886 ad
581 2826 634 2887 bas
660 2827 763 2906 epulas
782 2829 869 2889 solito
892 2828 1027 2888 maturius
1048 2822 1120 2902 ssiat,

372 2908 510 2970 Erectum
528 2911 636 2970 domito
660 2911 794 2972 referens
816 2930 833 2973 a
854 2922 951 2972 monte
969 2912 1107 2989 ligonem.

373 2994 467 3067 Quum
487 3002 645 3055 tremerent
665 3005 759 3056 autem
780 2995 889 3056 Fabios
911 2997 1069 3075 durumque
1092 2989 1232 3054 Catonem
1323 3000 1358 3056 90

373 3076 411 3138 Et
431 3079 559 3139 Scauros
582 3088 612 3139 et
631 3077 799 3156 Fabricios,
820 3089 969 3159 postremo
991 3095 1114 3140 severos

375 3158 513 3222 Censoris
532 3181 630 3224 mores
652 3165 738 3224 etiam
756 3164 874 3242 collega
895 3166 1020 3241 timeret,

374 3243 466 3306 Nemo
486 3248 561 3307 inter
582 3264 666 3308 curas
689 3257 719 3307 et
739 3250 817 3308 seria
840 3248 920 3308 duxit
936 3248 1110 3325 babendum,

375 3329 506 3404 Qualis
498 3350 525 3390 nr
547 3329 665 3391 Oceano
686 3328 774 3391 fluctu
793 3330 909 3392 testudo
928 3340 1051 3406 nataret,

377 3410 493 3473 Clarum
518 3414 691 3495 Troiugenis
710 3415 821 3478 iactura
849 3423 878 3474 et
900 3414 1000 3477 nobile
1026 3376 1165 3488 lblcrum3
1324 3420 1359 3477 95

376 3498 435 3557 Sed
457 3499 533 3559 nudo
555 3499 649 3559 latere
670 3508 700 3560 et
720 3501 819 3578 parvis
842 3498 923 3558 frons
942 3515 1029 3558 aerea
1051 3497 1139 3559 lectis

375 3578 443 3639 Vile
465 3585 594 3642 coronati
617 3591 703 3662 caput
722 3581 895 3644 ostendebat
916 3581 1011 3658 aselli,

377 3662 423 3723 Ad
447 3667 524 3742 quod
546 3666 646 3726 lascivi
670 3666 806 3727 ludebant
831 3667 905 3725 ruris
927 3666 1041 3727 alumni.

378 3747 465 3809 Tales
490 3767 562 3827 ergo
589 3750 662 3828 cibi,
686 3751 779 3830 qualis
801 3750 902 3811 domus
925 3759 1012 3829 atque
1032 3749 1178 3829 supellex.
