3267 4409
325 461 388 530 138
627 444 1042 526 'mvnnnununnus

411 617 559 678 Omnibus
575 614 712 693 arrides,
734 613 864 676 dicteria
878 612 955 673 dieis
970 614 1003 673 in
1017 616 1142 691 omnem¹
1216 614 1219 619 ’

453 701 504 761 Sic
519 707 551 761 te
566 701 721 759 convivam
734 717 826 780 posse
840 698 966 779 plaeere
978 704 1078 778 putas.

388 788 454 847 5At
469 786 495 844 si
514 801 571 862 ego
585 803 648 843 nan
661 782 761 863 belle,
782 782 839 842 sed
852 800 927 842 vere
942 778 1050 869 (ingero
1067 781 1229 864 quiritium,

451 868 547 929 Nemo
562 868 754 949 propinablt,
776 865 969 946 Calliodore,
987 868 1055 930 tibi.

797 999 892 1064 XLV.

409 1117 557 1193 Lusistis,
578 1115 652 1176 satis
667 1117 732 1173 est:
752 1111 859 1173 lascivi
875 1113 984 1174 nubite
998 1114 1107 1173 eunul:

454 1201 607 1260 Permissa
622 1204 671 1258 est
684 1198 774 1257 nobis
788 1216 850 1257 non
867 1198 928 1257 nisi
943 1202 1028 1258 easta
1040 1196 1158 1261 Venus.

410 1285 497 1344 Haec
511 1289 560 1344 est
574 1286 656 1342 casta
671 1281 800 1343 Venus?
819 1283 908 1342 nubit
921 1281 1068 1342 Laetaris
1082 1279 1208 1361 Lygdo:

453 1368 588 1448 Turpior
602 1384 677 1426 uuor
693 1366 771 1444 erit,
792 1385 881 1444 quam
895 1364 986 1427 modo
1000 1366 1132 1427 moecha
1143 1366 1214 1429 iun.

790 1499 898 1565 XLVI.

410 1611 545 1693 Vapulat
558 1610 679 1672 assidue
693 1613 797 1672 veneti
812 1609 960 1690 quadriga
972 1609 1115 1689 flagello,

451 1696 517 1758 Nee
532 1697 644 1757 currit:
663 1715 801 1775 magnam
816 1714 898 1774 rem,
919 1696 1066 1774 Catiane,
1086 1696 1173 1758 facis.

786 1828 908 1891 XLVII.

409 1946 565 2027 Nympha,
586 1947 647 2005 mei
663 1943 780 2005 Stellae
797 1963 874 2023 quae
888 1945 976 2004 fonte
990 1942 1161 2006 domestica
1174 1965 1250 2028 pura

453 2031 579 2091 Laberis
594 2037 628 2090 et
643 2028 757 2089 domini
772 2047 910 2106 gemmea
923 2034 1006 2089 terta
1020 2031 1122 2108 subis,

413 2116 485 2176 Sive
500 2115 614 2175 Numae
630 2115 761 2174 coniunx
776 2114 901 2173 'fririae
916 2118 949 2183 te
964 2113 1048 2173 misit
1063 2116 1100 2173 ab
1115 2114 1228 2192 antris,

456 2199 527 2259 Siue
542 2200 743 2259 Camenarum
759 2196 798 2256 de
813 2216 908 2276 grege
922 2216 1003 2256 nona
1016 2199 1118 2258 venis:

391 2281 537 2345 tExolvit
550 2285 629 2342 votis
642 2283 700 2342 hac
715 2300 749 2342 se
764 2283 823 2342 tibi
836 2281 954 2359 virgiue
969 2300 1065 2361 porca

453 2367 594 2444 Murena,
615 2366 759 2425 furtivam
774 2364 857 2445 quud
871 2366 951 2425 bibit
967 2382 1060 2443 aeger
1077 2386 1193 2445 aquam.

412 2450 461 2509 Tu
476 2454 622 2509 contenta
635 2469 703 2509 meo
719 2451 779 2510 iam
795 2451 924 2510 crimine
938 2448 1047 2526 gaudia
1061 2450 1158 2511 fontis

453 2534 499 2593 Da
513 2551 622 2592 secura
639 2535 701 2593 tui:
723 2535 764 2594 sit
778 2534 854 2593 mihi
868 2553 941 2593 sana
956 2534 1032 2594 sitis.

775 2666 909 2729 XLVIII.

411 2776 501 2854 Quod
515 2783 576 2838 tam
592 2779 708 2858 grande
724 2782 839 2860 sophos
854 2777 965 2840 elamat
978 2780 1036 2840 tibi
1051 2783 1143 2841 turba
1156 2785 1272 2860 togata,

453 2861 523 2922 Nun
537 2870 587 2943 tn,
608 2866 775 2945 Pomponi,
797 2883 874 2925 cena
888 2862 1004 2925 diserta
1016 2871 1069 2926 tna
1084 2873 1142 2929 est

797 3013 901 3076 XLIX.

412 3126 482 3186 Non
497 3145 562 3187 sum
577 3124 616 3185 de
631 3125 734 3205 fragili
749 3126 871 3189 dolatus
885 3127 986 3208 ulma,

411 3211 476 3270 Nec
492 3229 569 3289 quae
584 3217 646 3271 stat
660 3211 760 3290 rigida
774 3215 883 3292 supina
896 3230 988 3290 vena,
1112 3232 1123 3249 ¹·

411 3293 458 3352 De
472 3293 556 3372 ligno
570 3297 646 3355 mibi
660 3295 799 3375 quolibet
813 3294 953 3356 columna
967 3303 1032 3374 est,

412 3375 476 3436 Seu
489 3379 554 3438 viva
569 3386 716 3458 generata
731 3377 769 3438 de
785 3397 948 3459 cupressu:

389 3461 499 3535 5Qnae
514 3480 572 3521 nec
586 3461 706 3521 saecula
721 3464 860 3521 centiens
874 3469 1017 3543 peracta,

412 3544 477 3603 Nec
490 3542 602 3623 lungae
617 3547 729 3605 cariem
744 3546 834 3605 timet
848 3553 1002 3609 senectae.

413 3627 500 3687 Hanc
514 3634 565 3705 tu,
587 3630 724 3708 quisquis
741 3648 790 3705 es,
813 3649 831 3689 o
848 3627 960 3708 muln,
981 3632 1099 3694 timeto.

413 3711 489 3772 Nam
504 3713 530 3771 si
544 3712 593 3771 vel
610 3714 749 3773 minimos
763 3733 855 3774 manu
869 3717 972 3796 rapaci
