3267 4409
326 485 387 550 rao
645 434 1040 549 munnomnrmms

408 647 521 706 Omnes
539 633 703 716 Sulpiciam
717 634 825 715 legant
837 637 956 716 mariti,

405 730 467 790 Uni
481 725 534 807 qni
550 722 677 801 cupiunt
690 719 814 799 placere
828 727 952 799 nuptae.

384 813 475 875 5b¹on
493 810 571 869 haec
588 803 755 866 Colchidos
770 805 881 863 asserit
891 803 1045 884 furorem,

404 895 473 954 Diri
489 887 618 970 prandia
632 906 690 948 nec
705 888 806 948 refert
821 888 995 967 'l'hyestae3

408 971 555 1053 Scyllam,
574 970 704 1050 Byblida
716 990 775 1031 nec
788 971 885 1031 fuisse
901 971 1017 1051 credit,

408 1056 471 1118 Sed
485 1063 584 1117 castos
599 1055 692 1115 docet
705 1060 738 1115 et
752 1056 820 1135 pios
836 1074 970 1135 amores,

405 1140 520 1219 Lusus,
542 1138 669 1200 delicias
682 1139 881 1218 facetiaeque.

365 1226 500 1290 leuius
516 1225 649 1284 carmina
668 1225 719 1302 qui
733 1223 813 1283 bene
829 1223 1015 1303 aestimarit,

405 1308 524 1370 Nullam
540 1307 654 1368 dixerit
668 1325 737 1367 esse
752 1310 954 1387 sanctiorem,

405 1390 529 1452 Nullam
542 1391 656 1453 dixerit
670 1409 739 1452 esse
754 1392 945 1470 nequiorem.
1069 1467 1071 1473 Ι

407 1475 501 1536 Tales
515 1475 647 1554 Egeriae
661 1477 747 1535 iocor
761 1476 859 1536 inisse

406 1559 476 1619 Udo
493 1559 680 1620 crediderim
695 1559 811 1637 Numae
827 1561 882 1620 snb
897 1565 995 1625 antro.

365 1643 472 1706 leac
486 1641 695 1723 condiscipula
708 1641 759 1703 vel
772 1644 831 1703 hoc
845 1646 989 1722 magistra
1066 1694 1069 1700 .
1095 1674 1105 1685 ·
1184 1667 1194 1677 ·

405 1727 500 1787 Esses
514 1725 635 1787 doctior
649 1732 682 1786 et
695 1725 821 1806 pudica,
844 1727 983 1808 Sappho:

408 1810 471 1871 Sed
485 1817 587 1870 tecum
602 1813 720 1891 pariter
735 1809 888 1890 simulque
902 1813 995 1872 visam

406 1895 508 1956 Durus
523 1895 689 1977 Sulpiciam
702 1895 810 1956 Phaon
825 1901 947 1957 amarat.

405 1978 550 2040 Frustrax
572 1997 703 2058 namque
720 1997 757 2039 ea
770 1998 829 2040 nec
844 1980 995 2041 Tonantis
1010 1999 1103 2059 uxor,

363 2064 469 2124 20Nec
483 2064 612 2142 Bacchi,
632 2082 690 2124 nec
705 2062 860 2143 Apollinis
877 2062 982 2147 puella

406 2149 525 2231 Erepto
540 2149 599 2209 sibi
613 2148 732 2210 viveret
746 2149 872 2212 Caleno.

772 2283 910 2347 XXXVI.

406 2393 548 2473 Improba
561 2395 719 2457 Massiliae
735 2395 887 2475 quidquid
901 2396 1032 2456 fumaria
1046 2404 1175 2477 cogunt,

447 2479 570 2558 Accipit
582 2485 715 2540 aetatem
730 2481 868 2558 quisquis
883 2481 919 2539 ab
934 2480 1006 2558 igne
1022 2479 1131 2560 cadus,

403 2561 494 2639 Ate,
516 2562 648 2640 Munna,
670 2565 770 2624 venit:
791 2565 914 2623 miseris
931 2570 966 2623 tu
979 2565 1076 2625 mittis
1092 2565 1199 2627 amicis

444 2644 508 2704 Per
521 2645 619 2724 ireta,
639 2665 698 2727 per
712 2645 820 2724 longas
834 2647 934 2707 toxica
948 2666 1038 2708 saeva
1052 2650 1135 2725 viaa;

381 2727 469 2790 5Nec
481 2728 566 2789 facili
581 2733 701 2810 pretio,
722 2729 778 2791 sed
793 2750 853 2809 quo
870 2736 1015 2792 contenta
1028 2732 1156 2794 Falerni
1199 2798 1204 2805 ,

445 2811 542 2873 Testa
555 2816 597 2874 sit
611 2822 663 2876 aut
677 2813 765 2875 cellis
781 2815 867 2875 Setia
881 2834 951 2874 cara
965 2817 1037 2878 suis.

402 2895 474 2958 Non'
485 2899 589 2958 venias
606 2918 701 2977 qnare
715 2906 777 2959 tam
791 2898 883 2979 longo
898 2906 1040 2981 tempore
1054 2900 1199 2979 Romam,

443 2981 531 3043 Haec
547 2990 622 3064 puto
638 3003 727 3053 cansa
740 2984 799 3044 tibi
814 2990 863 3044 cst
870 3027 879 3064 ,
899 3002 940 3045 ne
953 2992 1005 3046 tua
1019 2987 1089 3046 vina
1102 2986 1201 3047 bibas.

762 3117 913 3180 XXXVII.

402 3228 481 3289 luris
496 3235 529 3290 et
544 3246 708 3307 aequarum
722 3228 822 3290 cultor
837 3229 1029 3290 sanctissime
1042 3229 1164 3310 legum,

444 3312 592 3375 Veridico
606 3313 728 3377 Latium
742 3316 794 3394 qui
809 3315 892 3392 regis
908 3332 963 3374 ore
977 3314 1096 3393 forum,

402 3396 570 3476 Municipi,
591 3396 752 3476 Materne,
771 3403 824 3458 too
839 3399 1000 3477 veterique
1014 3396 1113 3459 sodali

445 3478 613 3540 Callaicum
627 3481 752 3542 mandas
768 3480 870 3560 siquid
883 3480 923 3541 ad
936 3481 1109 3561 Oceanum,
1164 3554 1170 3565 ,
1219 3497 1227 3509 “

381 3562 453 3624 aba
466 3563 655 3624 Laurentino
668 3572 776 3646 turpes
789 3567 822 3625 in
835 3563 930 3625 litore
945 3585 1035 3626 ranas

406 3674 415 3687 κ
442 3647 483 3707 Et
497 3649 591 3708 satius
605 3656 715 3710 tenues
729 3648 844 3710 ducere
859 3648 962 3709 credis
979 3668 1066 3727 acos,

400 3729 452 3793 Ad
465 3751 519 3793 sna
533 3734 684 3816 captivum
699 3753 789 3816 qnam
802 3753 873 3796 saxa
886 3734 1048 3795 remittere
1061 3729 1205 3815 mullum,
