3267 4409
236 265 1354 375 ,9

329 541 369 604 tt
667 553 702 605 0.
724 553 796 601 uon.
817 552 1002 602 muensnrs

327 694 475 756 Bellorum
499 709 606 771 pompa
629 693 747 752 animam
771 691 938 752 exhalasset
960 676 1093 769 opimam,

329 779 423 852 Quum
444 778 481 837 de
503 777 664 837 Teutonico
686 775 778 835 vellet
801 774 984 835 descendere
1007 774 1114 836 curru?
1212 798 1216 805 ⁴

327 861 450 925 Provida
473 861 612 939 Pompeio
636 859 758 920 dederat
780 857 934 937 Campania
955 858 1055 919 febres

329 944 491 1024 Optandas‚
512 944 566 1005 sed
587 943 693 1005 multae
719 941 808 1002 urbes
833 951 861 1002 et
882 941 997 1022 publica
1018 952 1088 1004 uota

327 1029 481 1097 Vicerunt;
507 1030 594 1105 igitur
617 1027 731 1087 fortuna
755 1027 846 1104 ipsius
870 1036 900 1086 et
922 1025 1000 1086 urbis
1260 1038 1311 1092 285

328 1115 480 1175 Servatum
500 1106 578 1172 victo
602 1121 689 1190 caput
712 1110 838 1170 abstulit.
877 1109 941 1170 lloc
965 1111 1094 1172 cruciatu

327 1196 482 1273 Lentulus,
504 1195 560 1256 bac
582 1212 678 1274 poena
698 1195 791 1254 caruit
813 1194 978 1274 ceciditque
1001 1192 1151 1272 Cethegus

327 1281 461 1358 Integer,
487 1289 516 1339 et
536 1281 623 1340 iacuit
646 1275 768 1338 Catilina
794 1279 938 1339 cadavere
962 1287 1034 1338 toto.

369 1363 503 1424 Formam
527 1371 608 1443 optat
628 1362 743 1422 modico
765 1362 881 1441 pueris,
908 1364 1017 1423 meiere
1041 1362 1148 1442 puellis

327 1448 489 1525 Murmure,
515 1466 601 1526 quum
626 1445 751 1506 Veneris
775 1447 870 1507 fanum
892 1447 983 1524 videt,
1005 1449 1088 1509 auxia
1104 1455 1195 1505 mater
1260 1456 1313 1510 290

327 1533 427 1611 Usque
454 1532 489 1591 ad
512 1530 633 1591 delicias
654 1539 798 1590 votorum.
834 1527 892 1588 Cur
913 1539 1025 1608 tamen,
1047 1532 1148 1610 inquit,

328 1612 497 1694 Corripiesi
520 1614 640 1694 pulchre
663 1614 772 1691 gaudet
793 1612 902 1674 Latona
925 1613 1027 1675 Diana.
1046 1646 1088 1659 -·

328 1699 387 1760 Sed
410 1706 490 1758 vetat
515 1699 609 1776 optari
635 1698 739 1757 faciem
759 1697 912 1773 Lucretia,
939 1699 1054 1777 qualem

327 1780 395 1861 lpsa
420 1781 533 1849 babuit;
560 1790 684 1860 cuperet
708 1780 825 1841 Rutilae
848 1781 987 1858 Verginia
1009 1781 1129 1860 gibbum
1164 1839 1169 1845 .

328 1867 474 1945 Accipere
497 1874 583 1942 atque
605 1882 686 1924 suam
710 1864 825 1923 Rutilae
848 1864 929 1923 darc.
962 1864 1052 1925 Filius
1075 1877 1171 1927 autern
1262 1876 1313 1930 295

330 1947 470 2030 Corporis
494 1948 606 2026 egregii
626 1949 751 2007 miseros
773 1948 964 2027 trepidosque
989 1957 1126 2027 parentes

329 2036 452 2112 Semper
473 2032 573 2099 hebet:
614 2049 680 2092 rara
704 2040 750 2091 est
768 2031 844 2091 adeo
870 2033 1027 2093 concordia
1051 2032 1161 2096 formae

328 2119 425 2197 Atque
447 2116 613 2196 pudicitiae.
645 2115 769 2176 sanctos
790 2115 861 2175 licet
881 2106 999 2178 horrida
1020 2135 1118 2179 mores

329 2201 491 2262 Tradiderit
512 2201 613 2261 domus
636 2217 671 2260 ac
692 2208 811 2260 veteres
833 2199 940 2262 imitata
965 2201 1101 2279 Sabinos,

329 2285 484 2346 Praeterea
510 2293 619 2344 castum
640 2284 785 2362 ingenium
808 2284 978 2365 vultumque
1001 2287 1134 2348 modesto
1262 2297 1314 2351 300

330 2371 476 2447 Sanguine
502 2368 663 2428 ferventem
687 2368 793 2429 tribuat
814 2378 916 2429 natura
941 2368 1067 2448 benigna

329 2454 421 2530 berga
444 2469 542 2514 manu:
568 2452 652 2532 (quid
675 2455 750 2512 enim
774 2469 868 2532 puero
897 2454 1033 2515 conferre
1058 2460 1157 2535 potest
1178 2454 1245 2535 plus

330 2535 459 2598 custode
486 2545 515 2596 et
535 2553 604 2596 cura
625 2542 725 2597 natura
748 2538 897 2616 potentior
918 2535 1032 2617 omnii)

329 2621 394 2680 Non
416 2620 485 2679 lieet
509 2638 577 2679 esse
597 2621 677 2690 viro;
697 2639 762 2681 nam
783 2620 906 2701 prodige
929 2620 1108 2699 corruptoris

329 2702 502 2782 Improbitas
526 2704 608 2782 ipsos
634 2703 721 2764 audet
745 2714 887 2785 temptare
908 2712 1055 2784 parentes.
1260 2714 1312 2768 000

331 2787 420 2847 'lanta
443 2788 471 2846 in
494 2787 659 2848 muneribus
680 2784 794 2850 fiducial
834 2786 937 2849 Nullus
961 2786 1106 2868 ephebum

329 2871 498 2932 Deformem
523 2889 612 2933 saeva
634 2874 770 2933 castravit
792 2875 821 2933 in
844 2890 914 2934 arce
935 2880 1083 2950 tyrannus,

330 2956 394 3017 Nec
419 2964 631 3034 praetextatum
651 2958 746 3036 rapuit
766 2956 848 3019 Nero
872 2957 1033 3037 loripedem
1056 2974 1114 3016 nec

331 3041 510 3102 strumosum
532 3049 619 3120 atque
641 3050 725 3100 utero
748 3043 859 3120 pariter
878 3041 1028 3121 gibboque
1053 3048 1219 3102 tumentem.

330 3124 344 3185 l
365 3142 439 3185 nunc
463 3135 491 3185 et
511 3125 623 3184 iuvenis
644 3126 746 3204 specie
767 3125 879 3187 laetare
904 3127 961 3202 tui,
985 3144 1071 3205 quem
1264 3135 1316 3190 310

330 3207 440 3269 Maiora
461 3217 634 3288 exspectant
658 3208 838 3270 discrimina:
865 3210 915 3271 liet
936 3210 1049 3273 adulter

330 3292 467 3353 Publicus
495 3301 524 3351 et
535 3309 656 3371 -poenas
676 3302 786 3353 metuet
812 3312 1009 3375 quascumque
1034 3296 1143 3358 maritis
1207 3350 1211 3359 .

331 3376 415 3436 lratis
442 3374 547 3451 debet,
571 3394 627 3437 nec
648 3378 703 3436 erit
724 3376 843 3436 felicior
866 3386 945 3438 astro

331 3459 448 3537 Martis,
470 3469 501 3520 ut
523 3461 551 3519 in
574 3461 696 3538 laqueos
721 3477 873 3539 numquam
894 3461 1012 3523 incidat.
1048 3462 1147 3541 Exigit
1169 3471 1262 3523 autem

331 3542 476 3602 Interdum
499 3544 550 3604 ille
573 3544 659 3604 dolor
679 3544 745 3623 plus
770 3561 855 3621 quarn
876 3544 925 3605 lex
944 3547 1006 3606 ulla
1029 3546 1125 3607 dolori
1265 3557 1315 3611 31⁵

334 3623 503 3695 Concessit;
526 3636 612 3688 necat
630 3627 678 3687 bic
699 3628 796 3703 ferro,
820 3636 903 3688 secat
924 3627 975 3688 illc
1000 3632 1126 3690 cruentis

331 3703 528 3784 Verberibus,
552 3711 692 3789 quosdam
714 3711 854 3771 moechos
877 3720 907 3770 et
924 3712 1038 3789 mugilis
1060 3715 1154 3775 intrat.

333 3790 393 3851 Sed
413 3799 477 3851 tuus
501 3791 661 3870 Endymion
686 3794 812 3856 dilectae
837 3795 887 3855 liet
907 3794 1021 3857 adulter
