3267 4409
358 552 421 617 304
678 552 723 615 Μ.
739 550 832 616 VAL.
848 550 1073 614 MARTIALIS

477 844 479 849 Ι
792 710 957 816 ιιιιιιιιι.

380 878 382 883 “
441 865 620 945 Nolueram,
642 864 813 946 PolytIme,
835 872 905 926 tuos
919 865 1036 927 violare
1051 865 1197 949 capilloa,
1339 932 1351 957 ·

484 950 547 1011 Sed
560 952 642 1011 iuvat
658 951 718 1010 boo
731 951 876 1030 precibus
893 969 941 1010 me
956 952 1103 1012 tribuisse
1117 953 1188 1013 tnia.
1276 982 1283 993 ·

444 1033 530 1095 Talis
545 1053 631 1114 eras,
654 1033 745 1095 modo
760 1041 850 1094 tonse
865 1033 995 1115 Pelops,
1016 1036 1189 1116 positioque
1204 1038 1324 1099 nitebas
1376 1048 1380 1053 '

485 1119 648 1197 Crinibus,
667 1123 814 1178 attotam
829 1137 941 1198 sponsa
954 1117 1077 1180 videret
1088 1122 1175 1181 ebur.

800 1244 952 1309 LXXXV.

442 1358 665 1421 Paedioonibus
683 1379 716 1421 oa
732 1357 820 1421 olere
838 1359 925 1420 diois.

441 1444 509 1504 lloc
525 1445 568 1521 ai,
590 1446 669 1504 sicut
686 1446 748 1523 ais,
768 1442 915 1521 Fabulle,
936 1461 1041 1504 verum
1057 1449 1124 1521 eat,

442 1526 523 1605 Quid
536 1534 570 1589 tn
585 1527 686 1588 credis
701 1527 788 1590 olere
804 1526 1010 1607 cunnilingis?

793 1661 960 1723 LXXXVI.

443 1773 584 1850 Triginta
598 1773 655 1833 tibi
670 1780 741 1834 aunt
753 1774 843 1854 pueri
856 1772 1048 1852 totidemque
1061 1770 1199 1853 p‘uellae:

438 1911 451 1919 .
482 1856 550 1918 Una
565 1863 628 1935 eat,
647 1876 705 1919 nec
722 1859 820 1936 surgit
834 1855 978 1917 mentula.
1008 1856 1089 1934 Quid
1101 1857 1220 1919 facies?

782 1990 960 2054 LXXXVII.

440 2105 493 2165 Bia
508 2105 599 2166 Cotta
614 2103 714 2165 soleas
728 2100 904 2184 perdidisse
919 2121 953 2164 se
969 2110 1111 2184 questus,

440 2189 519 2249 Dum
531 2189 741 2269 negligentem
757 2188 842 2248 ducit
857 2187 895 2248 ad
908 2187 1006 2267 pedes
1020 2207 1163 2268 vernam,

442 2272 501 2349 Qui
515 2274 599 2334 aolus
607 2275 692 2354 inopi
707 2277 804 2333 restat
819 2272 940 2333 etfacit
954 2274 1091 2352 turbam,
1192 2332 1197 2339 ,

440 2357 631 2435 Excogitavit
644 2359 734 2417 homo
750 2375 840 2435 sagax
855 2362 887 2416 et
901 2362 1033 2434 astutus,

419 2441 489 2502 on'e
503 2441 608 2501 facere
620 2447 727 2521 posset
739 2439 801 2501 tale
816 2441 937 2520 aaepius
952 2439 1107 2501 damnum:
1219 2470 1224 2487 ι

441 2524 633 2585 Excalciatno
648 2527 695 2585 ire
709 2526 813 2604 eoepit
828 2522 866 2583 ad
882 2542 996 2585 cenam.

779 2656 970 2719 LXXXVIII.

442 2754 642 2834 Tongilianus
659 2756 753 2816 babet
766 2775 887 2816 nanum:
910 2756 991 2834 saio,
1012 2774 1075 2816 non
1088 2773 1178 2837 nego.
1215 2754 1280 2818 Seal
1293 2757 1350 2817 lara

482 2837 534 2900 Nil
548 2848 674 2922 praeter
686 2859 793 2900 nasum
808 2839 1009 2918 Tongilianus
1023 2841 1128 2907 habel.

794 2966 959 3029 LXXXIX.

442 3059 531 3138 Quod
543 3060 612 3122 lana
626 3068 717 3141 eaput
732 3061 855 3142 alligas,
879 3063 1030 3140 Charine,

440 3145 509 3205 Non
523 3164 612 3206 aurea
627 3147 701 3224 tibi,
724 3146 780 3207 aed
795 3146 906 3207 dolent
924 3147 1035 3229 capilli.

831 3275 899 3347 XC.

440 3374 502 3433 Pro
518 3391 609 3451 aene,
631 3371 687 3432 aed
704 3369 803 3451 clare,
824 3378 927 3432 votum
940 3371 1029 3432 Maro
1043 3372 1121 3433 ierit
1136 3374 1249 3451 amieo,

484 3458 542 3518 coi
557 3458 655 3535 gravis
671 3464 703 3515 et
717 3457 841 3516 fervens
855 3456 1068 3515 hemitrItaena
1083 3463 1167 3534 erat,
1287 3494 1290 3499 -

442 3540 475 3599 Si
492 3541 612 3620 Stygias
627 3559 719 3618 aeger
733 3560 795 3600 non
810 3545 895 3599 esset
908 3540 1017 3600 missua
1032 3538 1071 3599 ad
1085 3542 1226 3620 umbras,

251 3607 261 3669 I
482 3625 525 3684 Ut
541 3623 667 3684 caderet
685 3643 793 3702 magno
808 3625 931 3684 victima
945 3629 1032 3702 grata
1044 3623 1117 3687 lovi.
1296 3670 1302 3677 .

420 3707 624 3788 bcoeporunt
637 3713 751 3767 certam
767 3706 880 3767 medici
894 3706 1049 3786 spondere
1064 3705 1205 3771 salutern.
1329 3774 1335 3781 ,

482 3792 530 3854 Ne
544 3798 647 3853 votnm
660 3790 775 3872 soluat,
795 3810 876 3852 nuno
890 3791 981 3854 Maro
996 3798 1066 3853 vota
1082 3791 1167 3857 ionii.
