3267 4409
709 481 835 529 sermm
856 481 880 545 1,
1258 471 1277 530 3

296 623 363 685 Non
388 637 462 698 ago,
486 637 572 699 quum
594 618 709 695 scribo,
736 621 760 678 si
785 619 864 679 iorte
886 619 954 699 quid
970 621 1072 699 aptius
1095 623 1210 682 exit-
1243 633 1277 686 45

296 706 418 781 Quando
441 704 516 763 haec
536 721 601 762 rara
625 705 686 762 avis
711 712 756 762 ost
773 737 814 748 -
832 705 857 761 si
878 704 946 781 quid
969 713 1063 764 tamen
1087 709 1180 784 aptius
1206 710 1276 783 exit,

294 788 418 851 Laudari
442 795 579 862 metuam,
603 804 698 864 neque
722 787 797 845 enim
818 786 886 845 milri
909 804 1016 847 cornea
1039 789 1110 849 libra
1133 800 1192 858 est;

250 924 255 929 .
295 873 358 936 Sed
380 871 453 931 recti
478 870 621 946 linemqne
647 879 863 947 extremumque
884 889 951 930 esse
977 889 1083 932 recuso

293 957 381 1033 Euge
403 963 481 1014 tuum
503 961 533 1012 et
555 953 644 1012 helle.
681 951 753 1012 Nam
775 953 935 1014 belle‘hoc
959 964 1064 1015 excute
1087 965 1192 1016 totum:

296 1039 374 1114 Quid
395 1054 452 1096 non
474 1037 549 1095 intus
573 1033 682 1096 habet?
708 1053 764 1096 non
786 1036 834 1096 hic
857 1046 902 1096 est
926 1037 993 1098 Ilias
1017 1037 1077 1097 Atti
1244 1053 1278 1103 50

294 1123 387 1184 Ebria
408 1116 546 1180 veratro?
571 1136 628 1178 non
650 1121 675 1178 si
697 1137 751 1197 qua
777 1120 901 1196 elegidia
924 1121 1005 1181 crudi

294 1207 448 1267 Dictarunt
467 1199 630 1280 proceres?
655 1219 713 1262 non
735 1204 872 1281 quidquid
894 1204 1020 1284 denique
1042 1205 1125 1265 lectis

296 1288 440 1352 Scribitur
461 1289 489 1346 in
513 1283 632 1347 citreis?
657 1284 786 1346 Calidum
809 1289 869 1347 scis
891 1305 1002 1366 ponere
1027 1307 1139 1364 sumen,

252 1376 260 1387 '
296 1373 364 1435 Scis
387 1371 521 1431 comitem
544 1370 721 1429 horridulum
743 1371 808 1430 trita
832 1371 941 1431 donare
966 1372 1097 1448 lacerna,

294 1456 350 1517 Et:
374 1473 495 1530 oerum,
518 1453 628 1531 inquis,
653 1472 741 1514 umor
763 1471 871 1514 oerum
891 1456 964 1516 milet
986 1457 1080 1517 dicite
1099 1455 1140 1516 de
1157 1474 1214 1516 me.
1244 1467 1277 1518 55

296 1538 355 1613 Qui
376 1533 467 1616 pote?
488 1538 531 1595 vis
555 1532 668 1597 dicam?
693 1539 827 1614 nugaris,
851 1556 937 1615 quum
956 1537 1023 1615 tibi,
1044 1538 1139 1614 calve,

294 1623 414 1699 Pinguis
436 1619 615 1699 aqualiculus
641 1629 781 1697 protenso
804 1622 982 1700 sesquipede
1006 1630 1112 1683 exstet.

296 1705 428 1790 Olane,
451 1721 469 1764 a
492 1712 577 1780 tergo
599 1719 684 1781 quem
706 1703 784 1763 nulla
808 1705 921 1766 ciconia
942 1706 1040 1784 pinsit,

294 1787 361 1863 Nec
382 1783 481 1847 manus
504 1786 647 1847 auriculas
669 1787 772 1846 imitari
795 1788 911 1849 mobilis
937 1789 1029 1865 albas,

294 1872 360 1933 Neo
383 1872 516 1950 linguae,
540 1879 674 1947 quantum
696 1871 773 1930 sitiat
799 1873 877 1931 canis
898 1870 1030 1949 Appula,
1053 1872 1165 1931 tantae!
1243 1883 1278 1935 50

294 1957 376 2030 Vos,
400 1971 417 2013 o
444 1955 581 2032 patricius
603 1955 737 2031 sanguis,
762 1970 835 2031 quos
857 1956 958 2014 vivere
979 1955 1024 2014 las
1044 1963 1089 2014 est

296 2039 423 2116 Occipiti
444 2054 551 2112 caeco,
574 2039 707 2114 posticae
730 2038 875 2096 occurrite
897 2037 1027 2098 sannael.

340 2121 411 2195 Quis
435 2120 536 2199 populi
554 2138 650 2180 sermo
673 2117 739 2180 est?
761 2121 826 2199 quis
849 2123 939 2196 enim,
963 2122 1017 2180 nisi
1039 2123 1163 2180 carmina
1183 2120 1263 2180 molli

295 2206 380 2266 Nunc
400 2203 512 2264 demum
533 2221 652 2264 numero
675 2203 783 2279 lluerc,
805 2213 837 2263 ut
858 2204 997 2282 perleve
1018 2220 1141 2264 severos

295 2287 431 2350 Effundat
448 2291 577 2348 iunctura
596 2284 732 2363 ungues?
754 2287 816 2348 Scit
838 2287 958 2348 tendere
980 2305 1097 2347 versum
1243 2297 1278 2351 55

295 2373 362 2434 Non
383 2389 469 2430 secus
495 2389 530 2431 ac
552 2372 577 2429 si
597 2371 684 2431 oculo
707 2371 850 2431 rubricam
872 2370 976 2448 dirigat
999 2388 1070 2440 uno;

296 2459 366 2518 Sive
389 2472 463 2533 opus
486 2456 515 2513 in
535 2471 648 2530 mores,
671 2455 699 2513 io
724 2454 837 2530 luxum,
860 2456 888 2513 in
909 2455 1028 2533 prandia
1048 2472 1151 2532 regum

295 2541 422 2614 Dicere,
445 2556 493 2598 res
513 2537 639 2616 grandes
661 2547 761 2598 nostro
784 2537 833 2598 dat
853 2535 935 2599 Musa
957 2549 1074 2617 poetae.

295 2624 377 2685 Ecce
399 2621 485 2682 modo
507 2621 613 2682 heroas
637 2639 741 2682 sensus
763 2622 869 2682 afferre
890 2623 1020 2683 videmus

295 2706 406 2783 Nugari
428 2705 532 2765 solitos
554 2723 678 2783 graece,
701 2724 757 2765 nec
777 2723 889 2784 ponere
912 2707 1007 2767 lucum
1244 2712 1278 2767 70

296 2791 434 2851 Artilices
456 2807 511 2848 nec
534 2807 583 2848 rus
606 2798 731 2849 saturum
751 2788 886 2863 laudare,
911 2788 960 2847 ubi
983 2788 1088 2850 corbes

295 2874 334 2935 Et
359 2873 443 2932 locus
466 2881 495 2932 et
516 2874 600 2950 porci
623 2882 652 2933 et
672 2871 902 2948 lomosaPalilia
923 2872 1023 2947 foeno,
1131 2890 1142 2911 ·

295 2955 379 3019 Unde
402 2955 509 3018 Remus
532 2956 673 3035 sulcoque
696 2964 794 3015 terens
819 2954 960 3031 dentalia,
984 2954 1092 3030 Quinti,

297 3041 391 3115 Quem
418 3039 531 3118 trepida
552 3049 618 3102 ante
639 3040 731 3100 boves
754 3039 924 3123 dictaturam
945 3038 1035 3099 induit
1055 3054 1130 3098 uxor

296 3123 335 3184 Et
356 3133 403 3183 tua
427 3134 522 3184 aratra
545 3123 657 3184 domum
678 3123 763 3184 lictor
791 3121 909 3182 rulir-
933 3139 1010 3200 euge
1031 3119 1134 3205 poeta!
1245 3128 1277 3180 75

296 3206 350 3266 Est
371 3224 445 3266 nuno
470 3206 580 3269 Brisaei
604 3225 689 3286 quem
710 3221 838 3266 venosus
863 3205 938 3266 liber
960 3205 1044 3281 Acci,

297 3291 369 3350 Sunt
395 3307 469 3369 quos
494 3290 693 3369 Pacuviusque
717 3298 747 3349 et
767 3306 927 3350 verrucosa
950 3297 1079 3350 moretur

297 3373 440 3452 Antiopa,
464 3375 607 3434 aerumnis
634 3391 685 3435 cor
708 3371 895 3434 luctificabile
915 3368 1007 3433 fulta?

296 3457 358 3516 llos
383 3458 481 3535 pueris
504 3460 627 3517 monitus
650 3465 749 3536 patres
774 3457 925 3516 infundere
947 3456 1044 3534 lippos

296 3539 392 3614 Quum
413 3541 530 3615 videas,
553 3543 722 3620 quaerisne,
749 3540 824 3600 unde
848 3540 921 3600 haec
943 3548 1060 3615 sartago
1086 3538 1222 3616 loquendi
1244 3547 1279 3598 80

296 3623 418 3685 Venerit
439 3625 468 3682 in
492 3624 621 3702 linguas,
647 3625 721 3685 unde
746 3625 820 3683 istuc
842 3622 987 3698 dedecus,
1012 3625 1042 3681 in
1064 3639 1120 3699 quo

298 3705 455 3767 Trossulus
480 3708 605 3768 exsultat
629 3709 680 3768 tibi
704 3727 758 3787 per
778 3704 921 3768 subsellia
944 3703 1074 3848 leuisp*
