3267 4409
538 388 879 452 EPIGRAMMATON
892 390 967 456 LIB.
983 392 1036 455 lv.
1245 393 1305 458 101

344 538 545 624 Dicebatque
561 544 624 603 suis
638 544 715 604 haec
729 549 848 603 tantum
863 541 973 604 deesse
987 548 1153 624 trecentis,

388 628 435 690 Ut
448 633 559 709 posset
574 626 696 687 domino
711 624 861 707 plaudere
877 629 974 687 iustus
989 646 1094 708 eques.

322 713 484 775 5Praetor
499 712 543 770 ait
556 711 646 790 „Seis
660 729 709 770 me
726 711 843 789 Scorpo
859 711 1033 790 Thalloque
1049 712 1206 792 daturum,

388 797 496 875 Atque
508 796 625 856 utinam
640 802 762 855 contum
776 795 860 856 milia
875 795 940 855 sola
955 794 1093 859 darem.“

322 932 329 939 .
345 882 398 942 Ah
411 878 511 960 pudet
525 879 681 958 ingratae,
700 876 797 958 pudet
814 881 853 938 ah
868 879 948 939 male
963 877 1065 940 divitis
1083 899 1180 941 areae.

390 962 484 1040 Quod
497 982 560 1023 non
575 961 629 1022 dar
644 965 759 1042 equiti,
779 962 825 1022 vis
841 963 932 1041 dare,
951 965 1099 1043 Praetor,
1121 964 1223 1042 equo‘l

655 1134 664 1141 “
726 1131 859 1195 LXVIII.

346 1248 462 1308 Invitas
478 1249 603 1305 centnm
619 1242 839 1323 quadrantibus
854 1250 887 1305 et
900 1245 981 1305 bene
998 1264 1098 1308 cenas.
1125 1227 1127 1231 ’

388 1330 435 1392 Ut
449 1342 559 1404 cenem
573 1329 703 1409 invitor,
726 1329 837 1409 Sexte,
859 1349 898 1388 an
911 1334 946 1388 ut
959 1328 1135 1390 invideam?

738 1494 844 1557 LXIX.

350 1623 401 1684 Tu
414 1621 524 1683 Setina
539 1620 664 1701 quidem
680 1641 803 1702 semper
816 1621 868 1683 vel
882 1623 1015 1684 Massica
1029 1626 1136 1704 ponis,

388 1706 517 1787 Papile,
540 1706 598 1768 sed
611 1726 716 1767 rumor
729 1713 792 1767 tam
806 1708 887 1767 bona
901 1710 970 1768 vina
984 1716 1085 1786 negat.

341 1783 471 1852 'Diceris
484 1792 542 1851 hac
556 1791 656 1850 faetus
673 1789 796 1851 caelebs
811 1797 920 1868 quater
936 1810 1004 1852 esse
1021 1791 1139 1870 lagona.

354 1912 362 1921 -
392 1875 460 1935 Nec
474 1881 568 1957 puto,
590 1893 649 1934 neo
665 1873 776 1954 eredo,
794 1874 922 1957 Papile,
943 1895 1002 1936 nec
1016 1878 1096 1936 sitio.

741 2031 835 2101 LXX.

348 2149 436 2211 Nihil
448 2150 609 2211 Ammiano
624 2157 751 2230 praeter
765 2151 882 2212 aridam
896 2158 1013 2223 restem

349 2235 493 2296 Moriens
507 2233 637 2315 reliquit
649 2234 766 2296 ultimis
780 2242 871 2316 pater
887 2237 976 2297 ceris.

347 2320 437 2380 Fieri
451 2325 577 2399 putaret
589 2338 682 2399 posse
697 2322 782 2399 quis,
804 2318 990 2396 MaruIIine,

349 2403 393 2464 Ut
405 2403 583 2464 Ammianus
597 2411 750 2464 mortuum
762 2411 882 2484 patrem
896 2401 1024 2463 nollet?

736 2565 843 2628 LXXI.

350 2683 474 2759 Quaero
489 2678 542 2739 diu
557 2684 669 2756 totam,
691 2678 814 2739 Safroni
828 2678 924 2756 Rufe,
946 2697 1004 2758 per
1017 2681 1142 2756 urbem,

393 2764 429 2824 Si
444 2784 504 2844 qna
517 2762 621 2843 puella
636 2770 746 2841 neget:
767 2762 854 2823 nulla
871 2762 976 2842 puella
990 2769 1091 2840 negat.
1134 2786 1142 2791 ·

351 2847 513 2927 Tanquam
526 2847 574 2906 fas
588 2866 650 2905 non
665 2848 723 2925 sit,
744 2853 889 2927 tanquam
905 2849 946 2907 sit
959 2853 1050 2927 turpe
1065 2862 1197 2923 negare,

392 2932 556 3010 Tanquam
570 2949 632 2990 non
645 2930 756 2991 liceat:
777 2930 864 2991 nulla
879 2930 985 3010 puella
1000 2936 1101 3009 negat.

328 3016 445 3077 §Gesta
458 3016 555 3094 igitur
569 3013 654 3075 nulla
669 3015 739 3075 esti
759 3021 831 3075 sunt
845 3022 946 3075 castae
961 3013 1064 3074 millet
1088 3011 1161 3093 quid
1176 3029 1250 3090 ergo

394 3100 488 3160 Casta
501 3099 601 3158 faciti
621 3118 685 3159 non
699 3098 768 3178 dat,
790 3117 853 3158 non
868 3105 970 3158 tamen
984 3098 1039 3158 illa
1052 3103 1154 3175 negat.

721 3258 849 3324 LXXII.

349 3376 473 3454 Exigis,
494 3371 655 3435 ationem
671 3380 794 3434 nostros
809 3374 884 3451 tibi,
906 3374 1036 3451 Quinte,
1055 3368 1193 3434 libellos.

391 3461 462 3520 Non
477 3460 594 3536 habeo,
616 3457 672 3518 sed
686 3458 780 3518 habet
794 3457 962 3538 bibliopola
977 3456 1137 3535 Tryphom

350 3545 437 3623 „Aes
453 3541 531 3603 dabo
544 3561 603 3622 pro
617 3543 706 3620 nugis
721 3548 754 3601 et
771 3559 870 3601 emam
883 3549 936 3600 tua
948 3541 1082 3600 earmina
1097 3538 1222 3600 sanusi‘

391 3625 485 3688 Non“
498 3626 601 3704 inquis
615 3627 746 3707 „faciam
759 3630 822 3686 tam
833 3623 951 3686 fatue.“
977 3623 1044 3685 Neo
1057 3641 1125 3702 ego.
