3267 4409
546 833 611 979 'ldss
631 901 737 979 VAL.
759 904 1014 983 MARTIALIS

477 1024 1103 1174 ori-ooruurroo

677 1236 788 1322 umus
808 1252 890 1325 xiv.

599 1448 1006 1545 Apophoreta·
1100 1448 1104 1454 “

778 1599 800 1658 1.

355 1711 559 1791 Synthesibus
575 1708 645 1770 dum
661 1708 774 1790 gaudet
788 1729 884 1790 eques
899 1708 1101 1789 dominusque
1115 1716 1240 1770 senator

396 1797 535 1874 Dumque
551 1793 663 1855 decent
678 1803 816 1855 nostrum
830 1793 915 1875 pilea
929 1800 1048 1874 sumpta
1061 1795 1179 1867 lovem3

352 1880 418 1940 Nee
432 1881 522 1939 timet
535 1876 667 1938 aedilem
683 1885 764 1938 moto
780 1885 922 1959 spectare
935 1878 1061 1956 fritillo,

398 1965 474 2023 Cum
491 1961 594 2024 videat
608 1961 729 2040 gelidos
745 1966 806 2021 tam
821 1981 919 2043 prope
935 1980 1030 2021 verna
1042 1961 1142 2022 locus:

331 2048 466 2109 obicitis
482 2046 616 2107 alternas
633 2052 666 2106 et
679 2048 824 2124 pauperis
840 2047 945 2124 accipe
960 2051 1078 2106 sortes:
1111 2099 1114 2105 .
1185 2042 1191 2052 '

348 2156 359 2169 ³
394 2132 534 2192 Praemia
548 2130 697 2201 convivae,
708 2127 784 2189 dent
796 2149 851 2189 sua
866 2131 994 2208 quisque
1010 2149 1074 2190 suo.

352 2213 454 2295 „Sunt
467 2216 575 2295 spinae
591 2215 749 2293 tricaeque
764 2220 797 2273 et
810 2215 837 2272 si
852 2212 927 2292 quid
939 2212 1028 2290 vilius
1043 2207 1144 2276 istis.“
1184 2258 1185 2261 ,

397 2299 472 2375 Quis
486 2298 609 2358 nescit?
629 2296 681 2358 vel
697 2299 765 2376 quis
783 2303 846 2357 tam
862 2297 1025 2357 manifesta
1038 2300 1155 2376 negat?
1184 2312 1187 2323 ’

353 2381 419 2442 Sed
432 2381 506 2461 quid
522 2401 606 2460 agam
620 2383 723 2461 potius
738 2380 884 2459 madidis,
906 2380 1054 2460 Saturne,
1077 2380 1203 2461 diebus,

313 2477 350 2530 10
397 2467 480 2543 Quos
496 2467 554 2526 tibi
567 2485 625 2546 pro
642 2464 727 2526 coelo
740 2466 906 2547 filiusipse
916 2464 1033 2526 dedite

351 2549 409 2613 Vis
422 2551 553 2610 scribam
569 2550 694 2610 Thebas
709 2549 872 2611 Troiamve
887 2547 1019 2610 malasve
1033 2549 1204 2630 Mycenas?

395 2632 544 2714 „Lude,“
562 2635 681 2713 inquis,
702 2634 891 2713 ‚,nucibus“:
912 2633 1048 2715 perdere
1062 2632 1136 2694 uolo
1150 2651 1254 2698 nuces.

354 2841 421 2942 Quo
435 2863 482 2924 vis
498 2883 618 2943 cunque
632 2862 703 2924 loco
718 2767 905 2945 Pgtse:·hunc
918 2865 1010 2924 fluire
1023 2861 1174 2926 libellum.

394 2947 546 3010 Versibus
560 2946 739 3029 explicitum
754 2954 804 3008 est
818 2965 907 3008 omne
923 2945 1041 3009 duobus
1058 2968 1143 3029 opus.

773 3081 901 3146 11..

351 3180 510 3241 Lemmata
523 3183 550 3240 si
565 3181 687 3260 quaeris
702 3200 757 3240 cur
772 3181 835 3245 sint
849 3182 999 3260 ascripta,
1019 3178 1154 3243 docebo:

393 3266 455 3343 Ut,
474 3265 502 3324 si
516 3263 679 3358 malueris,
697 3263 842 3325 lemmata
856 3264 921 3326 solo
933 3263 1029 3344 legas.
1066 3328 1077 3341 ,

608 3392 657 3454 lll.
681 3392 859 3474 Pugillares
874 3393 970 3452 citrei.

332 3528 335 3533 -
354 3483 451 3550 Secta
460 3490 522 3550 nisi
534 3491 568 3549 iu
582 3497 693 3551 tenues
708 3508 845 3550 essemus
858 3487 942 3568 ligna
957 3486 1104 3566 tabellas,
1188 3562 1190 3570 s

392 3574 539 3637 Essemus
553 3574 663 3657 Libyci
676 3572 782 3637 nobile
797 3572 901 3637 dentis
917 3591 1003 3653 onus.

306 3713 313 3722 ,
351 3654 459 3719 Maur.
729 3730 733 3735 Ι
767 3659 769 3663 ’
1006 3745 1014 3752 .
1058 3652 1099 3716 21
1212 3661 1215 3665 ’
