3267 4409
326 436 347 499 s
404 397 556 498 num.
573 430 1293 496 mmrm1snn1ommnm0nnmna.

410 585 545 646 Fucinus
561 589 594 644 et
608 584 690 664 pigri
705 588 867 643 taceantur
882 589 988 662 stagna
1002 582 1150 645 Neronis:
1232 632 1234 639 .
1272 611 1280 615 ·

426 742 433 749 β
453 669 542 728 Hanc
554 669 661 733 norint
675 686 765 726 unam
780 665 903 727 saecula
916 669 1133 730 naumachiam.

788 801 898 863 XXIX.

412 918 489 977 Cum
504 917 647 976 traheret
659 916 801 992 Priscus,
822 917 964 976 traheret
977 918 1144 976 certamina
1158 917 1261 979 Verus

403 997 405 1004 '
451 1002 545 1060 Esset
560 1006 593 1059 et
608 998 743 1078 aequalis
758 1000 844 1059 Mars
858 1000 1019 1078 utriusque
1033 999 1100 1078 diu,

409 1085 519 1145 Missio
534 1100 627 1162 saepe
642 1083 716 1141 viris
731 1101 839 1162 magno
855 1082 990 1144 clamore
1007 1085 1105 1164 petitu
1121 1090 1185 1159 est3

453 1167 517 1227 Sed
533 1168 647 1227 Caesar
660 1163 725 1242 legi
740 1168 842 1246 paruit
856 1169 924 1246 ipse
939 1185 1026 1227 snae:
1040 1201 1081 1210 —

389 1253 477 1312 5Lex
490 1257 574 1326 erat,
595 1249 633 1308 ad
649 1248 776 1325 digitum
790 1253 892 1329 posita
912 1268 1099 1310 concurrere
1114 1271 1236 1330 parma:
1255 1288 1293 1294 -<

451 1333 541 1412 Quod
556 1331 663 1409 licuit,
684 1332 789 1392 lances
804 1333 945 1412 donaque
960 1351 1052 1413 saepe
1068 1332 1164 1395 dedit.

409 1419 553 1478 laventus
566 1422 670 1476 tamen
686 1422 735 1476 est
748 1418 819 1475 finis
835 1417 1020 1476 discriminis
1036 1418 1141 1495 aequi:

450 1502 632 1579 Pugnavere
646 1518 754 1580 pares,
776 1500 1081 1579 succubuerepares.

409 1585 498 1648 Misit
514 1585 639 1664 utrique
654 1582 749 1643 rudes
763 1589 796 1642 et
809 1582 925 1662 palmas
942 1584 1056 1643 Caesar
1071 1584 1210 1661 utrique:

372 1681 403 1731 10
451 1671 520 1729 Hoc
533 1674 669 1749 pretium
681 1674 778 1726 virtus
792 1685 951 1744 mgemosn
966 1665 1048 1727 tulit.

412 1754 550 1830 Contigit
564 1754 623 1811 hoc
638 1748 723 1809 nullo
738 1751 798 1808 nisi
813 1756 847 1809 te
864 1753 920 1810 sub
935 1752 1094 1831 principe,
1117 1751 1260 1818 Caesar-z,

452 1837 529 1897 Cum
545 1835 604 1895 duo
618 1840 808 1915 pugnarent,
830 1835 928 1895 victor
942 1841 1075 1913 uterque
1088 1835 1157 1895 fuit.
1240 1869 1242 1878 ·

624 1964 635 1984 ·
686 1958 694 1979 “
800 1950 896 2013 XXX.

366 2120 372 2126 ‚
411 2052 540 2112 Concita
559 2046 683 2110 veloces
697 2049 822 2128 fugeret
837 2069 904 2109 cum
919 2047 1035 2109 damma
1048 2046 1204 2109 Molossos

451 2136 493 2194 Et
505 2135 588 2195 varia
605 2132 707 2194 lentas
723 2139 867 2193 necteret
884 2139 952 2193 arte
968 2153 1084 2210 moras,

411 2218 552 2280 Caesaris
570 2224 641 2278 ante
656 2216 754 2297 pedes
768 2215 897 2296 supplex
911 2215 1082 2296 similisque
1096 2216 1218 2294 roganti

264 2377 270 2390 s
453 2302 615 2380 Constitit,
638 2307 671 2361 et
683 2300 830 2380 praedam
844 2320 906 2360 non
921 2302 1054 2379 tetigere
1070 2318 1171 2362 canes.

387 2396 403 2446 5
412 2428 629 2450 .....
675 2431 683 2444 .
728 2430 1103 2446 ........
1146 2398 1155 2442 ‘-

453 2471 539 2529 llaec
553 2465 717 2528 intellecto
735 2467 877 2547 principe
893 2467 973 2528 dona
987 2466 1067 2529 tulit.
1133 2498 1135 2502 ·

411 2554 531 2613 Numen
549 2552 643 2610 habet
662 2550 790 2610 Caesar:
812 2570 900 2610 sacra
916 2558 964 2611 est
977 2552 1071 2628 haec,
1093 2569 1180 2610 sacra
1193 2557 1347 2631 potestas,

454 2635 598 2697 credite:
621 2635 747 2694 mentiri
761 2653 824 2693 non
839 2633 978 2696 didicere
996 2636 1092 2695 ferae.

717 2807 721 2821 ,
792 2744 902 2805 xxm.

412 2844 534 2907 Cedere
551 2843 660 2903 maiori
673 2843 796 2903 virtutis
812 2843 892 2902 fama
907 2841 1041 2903 secunda
1056 2848 1112 2906 est.

451 2926 514 2989 llla'
526 2927 627 3007 gravis
640 2925 743 3008 palma
757 2933 823 3005 est,
846 2946 935 3004 quam
949 2927 1050 2986 minor
1063 2927 1162 2989 hostis
1176 2929 1280 2991 habet.
1327 3001 1330 3005 ⁴

781 3044 904 3116 xxxn.

410 3170 456 3228 Da
469 3166 734 3228 veniam'snbitis:
755 3185 817 3224 non
833 3154 1027 3244 displicuisse
1042 3171 1181 3226 meretur

453 3254 611 3332 Festinat,
634 3251 766 3328 Caesar,
790 3249 843 3328 qui
858 3247 1011 3328 placuisse
1024 3249 1092 3310 tibi.

778 3379 913 3441 XXXIII.

307 3544 310 3549 .
409 3494 515 3556 Flavia
534 3515 626 3574 gens,
649 3500 793 3574 quantum
806 3494 865 3553 tibi
879 3493 991 3554 tertius
1006 3492 1132 3555 abstulit
1144 3494 1254 3555 heres!

452 3581 556 3640 Paene
571 3581 631 3659 fuit
643 3580 739 3656 tanti,
760 3596 822 3636 non
836 3577 980 3638 habuisse
996 3577 1082 3640 duos.
1194 3624 1200 3632 .

748 3739 936 3750 *-

1213 3790 1237 3833 ,t-
