3267 4409
327 454 390 519 254
528 457 572 519 Μ.
586 456 678 521 VAL.
692 447 918 521 mansionis
932 459 1064 524 bulen
1076 460 1112 524 L.
1127 461 1165 525 X„

412 609 599 687 Gaditanus,
620 610 729 689 Anile,
751 609 834 670 dicat
848 609 948 690 istud,

413 696 473 771 Qui
487 696 597 756 scribit
611 692 691 754 nihil
706 700 739 755 et
756 701 860 755 tamen
875 700 969 777 poeta
982 702 1040 759 est.

805 828 881 889 cili.

411 942 602 1022 Municipes,
623 944 761 1022 Augusta
775 943 851 1002 mihi
867 962 943 1022 quos
960 941 1083 1004 Bilbilis
1098 947 1162 1006 acri

452 1026 561 1086 Monte
571 1033 679 1104 creat,
701 1025 817 1107 rapidis
834 1045 924 1105 quem
940 1025 1010 1087 Salo
1027 1029 1122 1107 cingit
1137 1033 1237 1111 aquis,

411 1109 532 1189 Ecquid
545 1110 627 1170 laeta
640 1113 723 1170 iuvat
736 1111 832 1169 vestri
849 1130 902 1170 vos
918 1109 1017 1189 gloria
1030 1113 1129 1172 vatis?

452 1195 528 1253 Nam
542 1194 636 1254 decus
653 1200 686 1254 et
699 1213 811 1253 nomen
826 1194 966 1272 famaque
982 1201 1085 1255 vestra
1100 1217 1219 1279 sumus,

389 1277 476 1339 bNec
491 1298 545 1341 sua
559 1277 628 1358 plus
642 1278 737 1338 debet
751 1279 838 1338 tenui
853 1278 977 1341 Verona
995 1279 1117 1341 Catullo

452 1363 569 1440 Meque
583 1361 659 1422 velit
673 1362 735 1422 dici
749 1382 811 1421 non
826 1363 925 1421 minus
938 1360 993 1422 illa
1006 1383 1102 1425 suum.

411 1446 562 1522 Quattuor
576 1448 707 1507 accessit
720 1448 876 1506 tricesima
890 1448 1040 1507 messibus
1055 1455 1166 1528 aestas,

419 1544 424 1552 ‘
452 1530 495 1591 Ut
510 1531 576 1589 sine
591 1549 640 1590 me
656 1528 766 1591 Cereri
779 1531 895 1601 rustica
908 1529 973 1591 liba
987 1529 1075 1593 datis.
1091 1582 1095 1588 .

411 1614 536 1674 Moenia
553 1614 623 1674 dum
639 1615 765 1675 colimus
781 1613 922 1674 dominae
936 1614 1144 1694 pulcherrima
1156 1617 1289 1697 Romae,

369 1708 402 1759 10
451 1697 612 1757 Mutavere
627 1716 709 1758 meas
724 1696 800 1757 itala
814 1717 911 1776 regua
929 1718 1038 1758 comas.

413 1782 563 1861 Excipitis
578 1780 698 1861 placida
709 1780 857 1842 reducem
871 1783 1031 1859 sistente,
1051 1784 1206 1859 venimus3

451 1867 570 1945 Aspera
587 1867 614 1924 si
628 1866 736 1944 geritis
751 1864 862 1944 eorda,
881 1864 987 1926 redire
1003 1865 1087 1927 licet.

808 1998 886 2062 clv.
967 1973 973 1991 '

411 2115 424 2175 1
438 2121 544 2176 nostro
559 2135 679 2194 comes,
699 2112 851 2193 inbelle,
873 2113 967 2174 Flavo
1002 2096 1005 2101 ’

408 2198 545 2278 Longum
559 2219 616 2279 per
630 2219 731 2278 mare,
753 2199 810 2259 sed
825 2200 955 2259 faventis
971 2197 1086 2278 undae,

408 2283 449 2342 Et
464 2303 554 2343 cursu
567 2283 653 2343 facili
666 2286 788 2362 tuisque
803 2285 902 2343 ventis

410 2367 566 2448 Hispanae
581 2375 654 2447 pete
670 2369 855 2427 Tarraconis
870 2385 966 2428 arces.

390 2448 502 2511 blllinc
517 2457 549 2510 te
563 2458 632 2511 rota
645 2449 736 2511 tollet
750 2456 783 2510 et
799 2451 909 2511 citatus

408 2533 511 2593 Altam
525 2533 652 2594 Bilbilin
666 2541 699 2594 et
712 2541 796 2594 tuum
812 2532 957 2593 Salonem
988 2574 997 2595 ι

410 2619 523 2694 Quinto
537 2620 667 2678 forsitan
682 2617 792 2678 essedo
806 2616 935 2677 videbis.

410 2701 491 2779 Quid
505 2701 645 2762 mandem
661 2704 735 2780 tibi,
759 2701 904 2781 quaeris?
933 2701 976 2762 Ut
990 2699 1113 2762 sodales

408 2787 542 2865 Paucos,
564 2785 619 2846 sed
634 2792 757 2847 veteres
775 2790 807 2846 et
821 2791 892 2845 ante
905 2786 1027 2846 brumas

331 2878 333 2883 '
368 2882 401 2934 10
409 2871 550 2949 Triginta
563 2872 639 2931 mihi
656 2876 862 2951 quattuorque
873 2869 955 2929 visos

407 2956 476 3034 Ipsa
489 2956 629 3035 protinus
644 2976 662 3014 a
674 2957 724 3016 via
737 2953 853 3015 salutes

407 3040 448 3099 Et
462 3045 600 3100 nostrum
615 3039 777 3101 admoneas
792 3037 924 3099 subinde
938 3034 1083 3117 Flavum,

406 3123 556 3184 Iucundos
570 3125 645 3184 mihi
659 3143 718 3184 nec
733 3123 906 3183 laboriosos

408 3207 555 3269 Secessus
569 3210 671 3289 pretio
687 3213 776 3289 paret
791 3205 924 3285 salubri,

366 3303 399 3356 15
408 3293 467 3368 Qui
480 3293 603 3373 pigrum
615 3293 730 3352 faciant
743 3292 829 3351 tdum
843 3294 1014 3370 parentem.

406 3376 492 3436 Haec
509 3382 589 3437 sunt.
615 3377 676 3436 lam
691 3375 825 3435 tumidus
839 3375 1087 3452 uocatmagister

407 3459 605 3540 Castigatque
620 3479 735 3536 moras,
759 3465 792 3519 et
805 3479 878 3518 aura
889 3463 1012 3538 portum

406 3542 531 3604 Laxavit
544 3542 672 3618 melior3
693 3541 778 3621 vale,
799 3540 924 3604 libelle:

405 3626 536 3706 Navem,
557 3628 617 3689 scis
633 3633 726 3708 puto,
747 3646 810 3686 non
826 3631 963 3687 moratur
976 3645 1061 3687 unus.
