<?xml version="1.0" encoding="UTF-8"?>
<!DOCTYPE html PUBLIC "-//W3C//DTD XHTML 1.0 Transitional//EN"
    "http://www.w3.org/TR/xhtml1/DTD/xhtml1-transitional.dtd">
<html xmlns="http://www.w3.org/1999/xhtml" xml:lang="en" lang="en">
 <head>
  <title>
</title>
<meta http-equiv="Content-Type" content="text/html;charset=utf-8" />
  <meta name='ocr-system' content='tesseract 3.04.00' />
  <meta name='ocr-capabilities' content='ocr_page ocr_carea ocr_par ocr_line ocrx_word'/>
</head>
<body>
  <div class='ocr_page' id='page_1' title='image "./mvalmartialisep00martgoog_0047.png"; bbox 0 0 3267 4409; ppageno 0'>
   <div class='ocr_carea' id='block_1_1' title="bbox 568 428 1034 498">
    <p class='ocr_par' dir='ltr' id='par_1_1' title="bbox 568 428 1034 498">
     <span class='ocr_line' id='line_1_1' title="bbox 568 428 1034 498; baseline 0.004 -6"><span class='ocrx_word' id='word_1_1' title='bbox 568 428 909 493; x_wconf 77' lang='lat' dir='ltr'><strong>nrluusMurnuoN</strong></span> <span class='ocrx_word' id='word_1_2' title='bbox 921 429 996 493; x_wconf 90' lang='lat' dir='ltr'><strong>LlB.</strong></span> <span class='ocrx_word' id='word_1_3' title='bbox 1011 430 1034 498; x_wconf 92' lang='lat'><strong>1.</strong></span> 
     </span>
    </p>
   </div>
   <div class='ocr_carea' id='block_1_2' title="bbox 322 578 1148 1413">
    <p class='ocr_par' dir='ltr' id='par_1_2' title="bbox 322 578 1148 1413">
     <span class='ocr_line' id='line_1_2' title="bbox 361 578 1148 661; baseline -0.003 -17"><span class='ocrx_word' id='word_1_4' title='bbox 361 579 479 645; x_wconf 86' lang='lat' dir='ltr'><strong>Procul</strong></span> <span class='ocrx_word' id='word_1_5' title='bbox 492 579 641 641; x_wconf 89' lang='lat' dir='ltr'><strong>horridus</strong></span> <span class='ocrx_word' id='word_1_6' title='bbox 654 579 808 640; x_wconf 79' lang='lat' dir='ltr'><strong>Liburnus</strong></span> <span class='ocrx_word' id='word_1_7' title='bbox 824 584 858 640; x_wconf 91' lang='lat' dir='ltr'><strong>et</strong></span> <span class='ocrx_word' id='word_1_8' title='bbox 872 579 1019 661; x_wconf 86' lang='lat' dir='ltr'><strong>querulus</strong></span> <span class='ocrx_word' id='word_1_9' title='bbox 1035 578 1148 661; x_wconf 86' lang='lat' dir='ltr'><strong>cliens,</strong></span> 
     </span>
     <span class='ocr_line' id='line_1_3' title="bbox 406 662 849 746; baseline -0.014 -18"><span class='ocrx_word' id='word_1_10' title='bbox 406 666 541 746; x_wconf 83' lang='lat' dir='ltr'><strong>Imperia</strong></span> <span class='ocrx_word' id='word_1_11' title='bbox 553 663 711 724; x_wconf 86' lang='lat' dir='ltr'><strong>viduarum</strong></span> <span class='ocrx_word' id='word_1_12' title='bbox 724 662 849 743; x_wconf 88' lang='lat' dir='ltr'><strong>procul;</strong></span> 
     </span>
     <span class='ocr_line' id='line_1_4' title="bbox 322 745 1090 829; baseline -0.008 -14"><span class='ocrx_word' id='word_1_13' title='bbox 322 751 434 816; x_wconf 65' lang='lat' dir='ltr'><strong>senon</strong></span> <span class='ocrx_word' id='word_1_14' title='bbox 447 753 575 829; x_wconf 86' lang='lat' dir='ltr'>rumpet</span> <span class='ocrx_word' id='word_1_15' title='bbox 588 745 683 808; x_wconf 89' lang='lat' dir='ltr'><strong>altum</strong></span> <span class='ocrx_word' id='word_1_16' title='bbox 697 745 831 827; x_wconf 90' lang='lat' dir='ltr'><strong>pallidus</strong></span> <span class='ocrx_word' id='word_1_17' title='bbox 848 766 987 808; x_wconf 90' lang='lat' dir='ltr'><strong>somnum</strong></span> <span class='ocrx_word' id='word_1_18' title='bbox 999 767 1090 827; x_wconf 87' lang='lat' dir='ltr'><strong>reus,</strong></span> 
     </span>
     <span class='ocr_line' id='line_1_5' title="bbox 406 829 848 894; baseline -0.005 -1"><span class='ocrx_word' id='word_1_19' title='bbox 406 832 472 894; x_wconf 85' lang='lat' dir='ltr'><strong>Sed</strong></span> <span class='ocrx_word' id='word_1_20' title='bbox 485 849 575 892; x_wconf 90' lang='lat' dir='ltr'><strong>mane</strong></span> <span class='ocrx_word' id='word_1_21' title='bbox 589 836 689 892; x_wconf 87' lang='lat' dir='ltr'><strong>totum</strong></span> <span class='ocrx_word' id='word_1_22' title='bbox 703 829 848 892; x_wconf 82' lang='lat' dir='ltr'><strong>dormies.</strong></span> 
     </span>
     <span class='ocr_line' id='line_1_6' title="bbox 362 913 1100 996; baseline -0.004 -17"><span class='ocrx_word' id='word_1_23' title='bbox 362 918 529 980; x_wconf 75' lang='lat' dir='ltr'><strong>Mereatur</strong></span> <span class='ocrx_word' id='word_1_24' title='bbox 544 913 754 994; x_wconf 70' lang='lat' dir='ltr'><strong>aliuogrande</strong></span> <span class='ocrx_word' id='word_1_25' title='bbox 769 922 802 975; x_wconf 91' lang='lat' dir='ltr'><strong>et</strong></span> <span class='ocrx_word' id='word_1_26' title='bbox 814 917 954 975; x_wconf 90' lang='lat' dir='ltr'><strong>insanum</strong></span> <span class='ocrx_word' id='word_1_27' title='bbox 971 915 1100 996; x_wconf 89' lang='lat' dir='ltr'><strong>sophos:</strong></span> 
     </span>
     <span class='ocr_line' id='line_1_7' title="bbox 406 998 767 1062; baseline -0.008 -1"><span class='ocrx_word' id='word_1_28' title='bbox 406 1001 565 1062; x_wconf 75' lang='lat' dir='ltr'><strong>Miserere</strong></span> <span class='ocrx_word' id='word_1_29' title='bbox 579 1005 614 1060; x_wconf 87' lang='lat' dir='ltr'><strong>tu</strong></span> <span class='ocrx_word' id='word_1_30' title='bbox 627 998 767 1059; x_wconf 86' lang='lat' dir='ltr'><strong>felicium</strong></span> 
     </span>
     <span class='ocr_line' id='line_1_8' title="bbox 362 1081 1019 1164; baseline -0.009 -16"><span class='ocrx_word' id='word_1_31' title='bbox 362 1085 514 1164; x_wconf 84' lang='lat' dir='ltr'><strong>Veroque</strong></span> <span class='ocrx_word' id='word_1_32' title='bbox 527 1084 636 1144; x_wconf 87' lang='lat' dir='ltr'><strong>fruere</strong></span> <span class='ocrx_word' id='word_1_33' title='bbox 650 1102 713 1143; x_wconf 89' lang='grc' dir='ltr'><strong>ιιοιι</strong></span> <span class='ocrx_word' id='word_1_34' title='bbox 728 1084 880 1163; x_wconf 88' lang='lat' dir='ltr'><strong>superbus</strong></span> <span class='ocrx_word' id='word_1_35' title='bbox 894 1081 1019 1163; x_wconf 72' lang='lat' dir='ltr'><strong>gaudio,</strong></span> 
     </span>
     <span class='ocr_line' id='line_1_9' title="bbox 322 1165 827 1232; baseline -0.004 0"><span class='ocrx_word' id='word_1_36' title='bbox 322 1177 356 1232; x_wconf 75' lang='lat' dir='ltr'><strong>lo</strong></span> <span class='ocrx_word' id='word_1_37' title='bbox 404 1170 485 1228; x_wconf 90' lang='lat' dir='ltr'><strong>Dum</strong></span> <span class='ocrx_word' id='word_1_38' title='bbox 499 1168 581 1228; x_wconf 88' lang='lat' dir='ltr'><strong>Sura</strong></span> <span class='ocrx_word' id='word_1_39' title='bbox 590 1165 734 1228; x_wconf 86' lang='lat' dir='ltr'><strong>laudatur</strong></span> <span class='ocrx_word' id='word_1_40' title='bbox 746 1173 827 1230; x_wconf 90' lang='lat' dir='ltr'><strong>tuus.</strong></span> 
     </span>
     <span class='ocr_line' id='line_1_10' title="bbox 361 1249 1141 1333; baseline -0.001 -18"><span class='ocrx_word' id='word_1_41' title='bbox 361 1253 434 1315; x_wconf 88' lang='lat' dir='ltr'><strong>Non</strong></span> <span class='ocrx_word' id='word_1_42' title='bbox 449 1251 649 1333; x_wconf 88' lang='lat' dir='ltr'><strong>impudenter</strong></span> <span class='ocrx_word' id='word_1_43' title='bbox 663 1251 725 1312; x_wconf 84' lang='lat' dir='ltr'><strong>vita</strong></span> <span class='ocrx_word' id='word_1_44' title='bbox 740 1249 824 1330; x_wconf 94' lang='lat' dir='ltr'><strong>quod</strong></span> <span class='ocrx_word' id='word_1_45' title='bbox 836 1249 968 1311; x_wconf 83' lang='lat' dir='ltr'><strong>relicum</strong></span> <span class='ocrx_word' id='word_1_46' title='bbox 982 1256 1032 1312; x_wconf 90' lang='lat' dir='ltr'><strong>est</strong></span> <span class='ocrx_word' id='word_1_47' title='bbox 1044 1253 1141 1333; x_wconf 88' lang='lat' dir='ltr'><strong>petit,</strong></span> 
     </span>
     <span class='ocr_line' id='line_1_11' title="bbox 406 1333 947 1413; baseline -0.006 -16"><span class='ocrx_word' id='word_1_48' title='bbox 406 1336 485 1398; x_wconf 83' lang='lat' dir='ltr'><strong>Gnm</strong></span> <span class='ocrx_word' id='word_1_49' title='bbox 497 1337 579 1397; x_wconf 82' lang='lat' dir='ltr'><strong>fama</strong></span> <span class='ocrx_word' id='word_1_50' title='bbox 593 1333 675 1413; x_wconf 93' lang='lat' dir='ltr'><strong>quod</strong></span> <span class='ocrx_word' id='word_1_51' title='bbox 689 1334 763 1395; x_wconf 85' lang='lat' dir='ltr'><strong>sotis</strong></span> <span class='ocrx_word' id='word_1_52' title='bbox 782 1340 833 1395; x_wconf 84' lang='lat' dir='ltr'><strong>est</strong></span> <span class='ocrx_word' id='word_1_53' title='bbox 845 1334 947 1395; x_wconf 87' lang='lat' dir='ltr'><strong>habet.</strong></span> 
     </span>
    </p>
   </div>
   <div class='ocr_carea' id='block_1_3' title="bbox 781 1467 807 1527">
    <p class='ocr_par' dir='ltr' id='par_1_3' title="bbox 781 1467 807 1527">
     <span class='ocr_line' id='line_1_12' title="bbox 781 1467 807 1527; baseline 0 0"><span class='ocrx_word' id='word_1_54' title='bbox 781 1467 807 1527; x_wconf 91' lang='lat' dir='ltr'>L</span> 
     </span>
    </p>
   </div>
   <div class='ocr_carea' id='block_1_4' title="bbox 363 1575 1251 1661">
    <p class='ocr_par' dir='ltr' id='par_1_4' title="bbox 363 1575 1251 1661">
     <span class='ocr_line' id='line_1_13' title="bbox 363 1575 1251 1661; baseline 0 -20"><span class='ocrx_word' id='word_1_55' title='bbox 363 1581 398 1642; x_wconf 87' lang='lat' dir='ltr'><strong>Si</strong></span> <span class='ocrx_word' id='word_1_56' title='bbox 412 1581 471 1640; x_wconf 86' lang='lat' dir='ltr'><strong>tibi</strong></span> <span class='ocrx_word' id='word_1_57' title='bbox 485 1575 645 1658; x_wconf 85' lang='lat' dir='ltr'><strong>Mistyllos</strong></span> <span class='ocrx_word' id='word_1_58' title='bbox 659 1597 768 1657; x_wconf 89' lang='lat' dir='ltr'><strong>cocus,</strong></span> <span class='ocrx_word' id='word_1_59' title='bbox 790 1575 981 1656; x_wconf 80' lang='lat' dir='ltr'><strong>Aemiliane,</strong></span> <span class='ocrx_word' id='word_1_60' title='bbox 1000 1587 1141 1661; x_wconf 83' lang='lat' dir='ltr'><strong>vocatur,</strong></span> <span class='ocrx_word' id='word_1_61' title='bbox 1246 1582 1251 1591; x_wconf 83' lang='lat'>‘</span> 
     </span>
    </p>
   </div>
   <div class='ocr_carea' id='block_1_5' title="bbox 407 1661 1010 1742">
    <p class='ocr_par' dir='ltr' id='par_1_5' title="bbox 407 1661 1010 1742">
     <span class='ocr_line' id='line_1_14' title="bbox 407 1661 1010 1742; baseline -0.002 -18"><span class='ocrx_word' id='word_1_62' title='bbox 407 1665 536 1725; x_wconf 87' lang='lat' dir='ltr'><strong>Dicatur</strong></span> <span class='ocrx_word' id='word_1_63' title='bbox 551 1681 646 1742; x_wconf 89' lang='lat' dir='ltr'><strong>quare</strong></span> <span class='ocrx_word' id='word_1_64' title='bbox 660 1681 724 1723; x_wconf 90' lang='lat' dir='ltr'><strong>non</strong></span> <span class='ocrx_word' id='word_1_65' title='bbox 742 1661 898 1724; x_wconf 84' lang='lat' dir='ltr'><strong>Taratalla</strong></span> <span class='ocrx_word' id='word_1_66' title='bbox 912 1662 1010 1723; x_wconf 70' lang='lat' dir='ltr'><strong>milri?</strong></span> 
     </span>
    </p>
   </div>
   <div class='ocr_carea' id='block_1_6' title="bbox 780 1795 829 1856">
    <p class='ocr_par' dir='ltr' id='par_1_6' title="bbox 780 1795 829 1856">
     <span class='ocr_line' id='line_1_15' title="bbox 780 1795 829 1856; baseline 0 0"><span class='ocrx_word' id='word_1_67' title='bbox 780 1795 829 1856; x_wconf 88' lang='lat' dir='ltr'><strong>Ll.</strong></span> 
     </span>
    </p>
   </div>
   <div class='ocr_carea' id='block_1_7' title="bbox 346 1906 1166 2324">
    <p class='ocr_par' dir='ltr' id='par_1_7' title="bbox 346 1906 1166 2324">
     <span class='ocr_line' id='line_1_16' title="bbox 363 1906 1166 1990; baseline 0.004 -20"><span class='ocrx_word' id='word_1_68' title='bbox 363 1910 432 1971; x_wconf 92' lang='lat' dir='ltr'><strong>Non</strong></span> <span class='ocrx_word' id='word_1_69' title='bbox 447 1909 523 1969; x_wconf 82' lang='lat' dir='ltr'><strong>facit</strong></span> <span class='ocrx_word' id='word_1_70' title='bbox 540 1906 580 1968; x_wconf 87' lang='lat' dir='ltr'><strong>ad</strong></span> <span class='ocrx_word' id='word_1_71' title='bbox 594 1926 700 1968; x_wconf 81' lang='lat' dir='ltr'><strong>saevos</strong></span> <span class='ocrx_word' id='word_1_72' title='bbox 714 1909 834 1986; x_wconf 81' lang='lat' dir='ltr'><strong>cervix,</strong></span> <span class='ocrx_word' id='word_1_73' title='bbox 848 1908 909 1968; x_wconf 88' lang='lat' dir='ltr'><strong>nisi</strong></span> <span class='ocrx_word' id='word_1_74' title='bbox 922 1908 1035 1990; x_wconf 81' lang='lat' dir='ltr'><strong>prima,</strong></span> <span class='ocrx_word' id='word_1_75' title='bbox 1048 1909 1166 1974; x_wconf 92' lang='lat' dir='ltr'><strong>leones.</strong></span> 
     </span>
     <span class='ocr_line' id='line_1_17' title="bbox 406 1989 1103 2074; baseline 0.003 -22"><span class='ocrx_word' id='word_1_76' title='bbox 406 1991 489 2069; x_wconf 79' lang='lat' dir='ltr'><strong>Quid</strong></span> <span class='ocrx_word' id='word_1_77' title='bbox 502 1991 584 2071; x_wconf 83' lang='lat' dir='ltr'><strong>fugis</strong></span> <span class='ocrx_word' id='word_1_78' title='bbox 598 1993 655 2051; x_wconf 89' lang='lat' dir='ltr'><strong>hos</strong></span> <span class='ocrx_word' id='word_1_79' title='bbox 671 1989 797 2070; x_wconf 87' lang='lat' dir='ltr'><strong>dentes,</strong></span> <span class='ocrx_word' id='word_1_80' title='bbox 815 1992 976 2053; x_wconf 89' lang='lat' dir='ltr'><strong>ambitiose</strong></span> <span class='ocrx_word' id='word_1_81' title='bbox 991 1992 1103 2074; x_wconf 78' lang='lat' dir='ltr'><strong>lepus?</strong></span> 
     </span>
     <span class='ocr_line' id='line_1_18' title="bbox 364 2074 1077 2154; baseline -0.003 -16"><span class='ocrx_word' id='word_1_82' title='bbox 364 2075 493 2138; x_wconf 81' lang='lat' dir='ltr'><strong>Scilicet</strong></span> <span class='ocrx_word' id='word_1_83' title='bbox 509 2076 658 2154; x_wconf 83' lang='lat' dir='ltr'><strong>amognis</strong></span> <span class='ocrx_word' id='word_1_84' title='bbox 672 2074 711 2135; x_wconf 84' lang='lat' dir='ltr'><strong>ad</strong></span> <span class='ocrx_word' id='word_1_85' title='bbox 724 2080 757 2136; x_wconf 83' lang='lat' dir='ltr'><strong>te&#39;</strong></span> <span class='ocrx_word' id='word_1_86' title='bbox 772 2074 964 2137; x_wconf 81' lang='lat' dir='ltr'><strong>descendere</strong></span> <span class='ocrx_word' id='word_1_87' title='bbox 980 2080 1077 2137; x_wconf 89' lang='lat' dir='ltr'><strong>tauris</strong></span> 
     </span>
     <span class='ocr_line' id='line_1_19' title="bbox 394 2157 1113 2239; baseline 0.004 -17"><span class='ocrx_word' id='word_1_88' title='bbox 394 2161 447 2222; x_wconf 74' lang='lat' dir='ltr'><strong>nt</strong></span> <span class='ocrx_word' id='word_1_89' title='bbox 462 2174 540 2239; x_wconf 88' lang='lat' dir='ltr'><strong>quae</strong></span> <span class='ocrx_word' id='word_1_90' title='bbox 554 2178 617 2219; x_wconf 87' lang='grc' dir='ltr'><strong>ιιοιι</strong></span> <span class='ocrx_word' id='word_1_91' title='bbox 630 2164 762 2219; x_wconf 87' lang='lat' dir='ltr'><strong>cernunt</strong></span> <span class='ocrx_word' id='word_1_92' title='bbox 774 2159 920 2239; x_wconf 78' lang='lat' dir='ltr'><strong>frangere</strong></span> <span class='ocrx_word' id='word_1_93' title='bbox 935 2157 1012 2221; x_wconf 89' lang='lat' dir='ltr'><strong>colla</strong></span> <span class='ocrx_word' id='word_1_94' title='bbox 1026 2159 1113 2225; x_wconf 83' lang='lat' dir='ltr'><strong>velis.</strong></span> 
     </span>
     <span class='ocr_line' id='line_1_20' title="bbox 346 2242 1054 2324; baseline -0.001 -18"><span class='ocrx_word' id='word_1_95' title='bbox 346 2242 569 2324; x_wconf 84' lang='lat' dir='ltr'><strong>5Desperando</strong></span> <span class='ocrx_word' id='word_1_96' title='bbox 583 2243 641 2303; x_wconf 89' lang='lat' dir='ltr'><strong>tibi</strong></span> <span class='ocrx_word' id='word_1_97' title='bbox 655 2249 704 2303; x_wconf 86' lang='lat' dir='ltr'><strong>est</strong></span> <span class='ocrx_word' id='word_1_98' title='bbox 717 2244 853 2322; x_wconf 81' lang='lat' dir='ltr'><strong>ingentis</strong></span> <span class='ocrx_word' id='word_1_99' title='bbox 868 2242 968 2322; x_wconf 82' lang='lat' dir='ltr'><strong>gloria</strong></span> <span class='ocrx_word' id='word_1_100' title='bbox 981 2245 1054 2305; x_wconf 77' lang='lat' dir='ltr'><strong>fati:</strong></span> 
     </span>
    </p>
   </div>
   <div class='ocr_carea' id='block_1_8' title="bbox 406 2326 1184 2408">
    <p class='ocr_par' dir='ltr' id='par_1_8' title="bbox 406 2326 1184 2408">
     <span class='ocr_line' id='line_1_21' title="bbox 406 2326 1184 2408; baseline 0.005 -19"><span class='ocrx_word' id='word_1_101' title='bbox 406 2329 477 2389; x_wconf 86' lang='lat' dir='ltr'><strong>Non</strong></span> <span class='ocrx_word' id='word_1_102' title='bbox 489 2335 581 2408; x_wconf 89' lang='lat' dir='ltr'><strong>potes</strong></span> <span class='ocrx_word' id='word_1_103' title='bbox 597 2326 657 2387; x_wconf 87' lang='lat' dir='ltr'><strong>hoe</strong></span> <span class='ocrx_word' id='word_1_104' title='bbox 671 2328 773 2389; x_wconf 87' lang='lat' dir='ltr'><strong>tennis</strong></span> <span class='ocrx_word' id='word_1_105' title='bbox 787 2327 904 2408; x_wconf 87' lang='lat' dir='ltr'><strong>praeda</strong></span> <span class='ocrx_word' id='word_1_106' title='bbox 918 2329 974 2388; x_wconf 89' lang='lat' dir='ltr'><strong>sub</strong></span> <span class='ocrx_word' id='word_1_107' title='bbox 989 2329 1081 2390; x_wconf 89' lang='lat' dir='ltr'><strong>hoste</strong></span> <span class='ocrx_word' id='word_1_108' title='bbox 1096 2330 1184 2395; x_wconf 87' lang='lat' dir='ltr'><strong>mori.</strong></span> 
     </span>
    </p>
   </div>
   <div class='ocr_carea' id='block_1_9' title="bbox 773 2459 835 2521">
    <p class='ocr_par' dir='ltr' id='par_1_9' title="bbox 773 2459 835 2521">
     <span class='ocr_line' id='line_1_22' title="bbox 773 2459 835 2521; baseline 0.016 -1"><span class='ocrx_word' id='word_1_109' title='bbox 773 2459 835 2521; x_wconf 90' lang='lat' dir='ltr'>LII.</span> 
     </span>
    </p>
   </div>
   <div class='ocr_carea' id='block_1_10' title="bbox 346 2569 1054 3326">
    <p class='ocr_par' dir='ltr' id='par_1_10' title="bbox 365 2569 1054 2824">
     <span class='ocr_line' id='line_1_23' title="bbox 367 2569 1054 2652; baseline 0.003 -18"><span class='ocrx_word' id='word_1_110' title='bbox 367 2569 555 2634; x_wconf 76' lang='lat' dir='ltr'><strong>Commendo</strong></span> <span class='ocrx_word' id='word_1_111' title='bbox 569 2572 644 2651; x_wconf 90' lang='lat' dir='ltr'><strong>tibi,</strong></span> <span class='ocrx_word' id='word_1_112' title='bbox 666 2573 848 2652; x_wconf 81' lang='lat' dir='ltr'><strong>Quintiane,</strong></span> <span class='ocrx_word' id='word_1_113' title='bbox 869 2579 993 2636; x_wconf 90' lang='lat' dir='ltr'><strong>nostros</strong></span> <span class='ocrx_word' id='word_1_114' title='bbox 1011 2610 1054 2625; x_wconf 92' lang='lat'><strong>—</strong></span> 
     </span>
     <span class='ocr_line' id='line_1_24' title="bbox 365 2653 924 2718; baseline 0.004 -2"><span class='ocrx_word' id='word_1_115' title='bbox 365 2655 496 2716; x_wconf 85' lang='lat' dir='ltr'><strong>Nostros</strong></span> <span class='ocrx_word' id='word_1_116' title='bbox 512 2653 619 2716; x_wconf 85' lang='lat' dir='ltr'><strong>dicere</strong></span> <span class='ocrx_word' id='word_1_117' title='bbox 637 2657 664 2717; x_wconf 90' lang='lat' dir='ltr'><strong>si</strong></span> <span class='ocrx_word' id='word_1_118' title='bbox 678 2663 781 2717; x_wconf 91' lang='lat' dir='ltr'><strong>tamen</strong></span> <span class='ocrx_word' id='word_1_119' title='bbox 794 2655 924 2718; x_wconf 88' lang='lat' dir='ltr'><strong>libellos</strong></span> 
     </span>
     <span class='ocr_line' id='line_1_25' title="bbox 365 2739 993 2824; baseline 0.005 -24"><span class='ocrx_word' id='word_1_120' title='bbox 365 2739 510 2818; x_wconf 87' lang='lat' dir='ltr'><strong>Possum,</strong></span> <span class='ocrx_word' id='word_1_121' title='bbox 531 2759 606 2821; x_wconf 86' lang='lat' dir='ltr'><strong>quos</strong></span> <span class='ocrx_word' id='word_1_122' title='bbox 619 2742 732 2802; x_wconf 84' lang='lat' dir='ltr'><strong>recitat</strong></span> <span class='ocrx_word' id='word_1_123' title='bbox 746 2748 816 2802; x_wconf 86' lang='lat' dir='ltr'><strong>tuus</strong></span> <span class='ocrx_word' id='word_1_124' title='bbox 830 2748 924 2824; x_wconf 84' lang='lat' dir='ltr'><strong>poeto</strong></span> <span class='ocrx_word' id='word_1_125' title='bbox 936 2764 993 2804; x_wconf 80' lang='grc' dir='ltr'><strong>-ι</strong></span> 
     </span>
    </p>

    <p class='ocr_par' dir='ltr' id='par_1_11' title="bbox 346 2822 954 2990">
     <span class='ocr_line' id='line_1_26' title="bbox 366 2822 905 2905; baseline 0.002 -21"><span class='ocrx_word' id='word_1_126' title='bbox 366 2822 400 2884; x_wconf 89' lang='lat' dir='ltr'><strong>Si</strong></span> <span class='ocrx_word' id='word_1_127' title='bbox 415 2823 455 2884; x_wconf 91' lang='lat' dir='ltr'><strong>de</strong></span> <span class='ocrx_word' id='word_1_128' title='bbox 472 2824 600 2884; x_wconf 83' lang='lat' dir='ltr'><strong>servitio</strong></span> <span class='ocrx_word' id='word_1_129' title='bbox 617 2826 701 2903; x_wconf 81' lang='lat' dir='ltr'><strong>gravi</strong></span> <span class='ocrx_word' id='word_1_130' title='bbox 717 2831 905 2905; x_wconf 88' lang='lat' dir='ltr'><strong>queruntur,</strong></span> 
     </span>
     <span class='ocr_line' id='line_1_27' title="bbox 346 2907 954 2990; baseline 0 -20"><span class='ocrx_word' id='word_1_131' title='bbox 346 2909 516 2970; x_wconf 73' lang='lat' dir='ltr'><strong>tdssertor</strong></span> <span class='ocrx_word' id='word_1_132' title='bbox 529 2907 634 2968; x_wconf 69' lang='lat' dir='ltr'><strong>venies</strong></span> <span class='ocrx_word' id='word_1_133' title='bbox 648 2909 784 2989; x_wconf 87' lang='lat' dir='ltr'><strong>satisque</strong></span> <span class='ocrx_word' id='word_1_134' title='bbox 797 2917 954 2990; x_wconf 80' lang='lat' dir='ltr'><strong>praestes,</strong></span> 
     </span>
    </p>

    <p class='ocr_par' dir='ltr' id='par_1_12' title="bbox 366 2989 952 3156">
     <span class='ocr_line' id='line_1_28' title="bbox 366 2989 952 3072; baseline 0.002 -19"><span class='ocrx_word' id='word_1_135' title='bbox 366 2991 422 3069; x_wconf 80' lang='lat' dir='ltr'><strong>lit,</strong></span> <span class='ocrx_word' id='word_1_136' title='bbox 444 3010 512 3051; x_wconf 88' lang='lat' dir='ltr'><strong>cunr</strong></span> <span class='ocrx_word' id='word_1_137' title='bbox 527 3009 561 3052; x_wconf 87' lang='lat' dir='ltr'><strong>se</strong></span> <span class='ocrx_word' id='word_1_138' title='bbox 577 2989 731 3052; x_wconf 89' lang='lat' dir='ltr'><strong>dominnm</strong></span> <span class='ocrx_word' id='word_1_139' title='bbox 747 2994 869 3054; x_wconf 84' lang='lat' dir='ltr'><strong>vocabit</strong></span> <span class='ocrx_word' id='word_1_140' title='bbox 881 2992 952 3072; x_wconf 88' lang='lat' dir='ltr'><strong>ille,</strong></span> 
     </span>
     <span class='ocr_line' id='line_1_29' title="bbox 366 3074 937 3156; baseline 0.007 -22"><span class='ocrx_word' id='word_1_141' title='bbox 366 3074 456 3135; x_wconf 85' lang='lat' dir='ltr'><strong>Dicas</strong></span> <span class='ocrx_word' id='word_1_142' title='bbox 470 3093 540 3135; x_wconf 85' lang='lat' dir='ltr'><strong>ease</strong></span> <span class='ocrx_word' id='word_1_143' title='bbox 553 3076 803 3156; x_wconf 85' lang='lat' dir='ltr'><strong>meos&#39;manuque</strong></span> <span class='ocrx_word' id='word_1_144' title='bbox 819 3078 937 3139; x_wconf 86' lang='lat' dir='ltr'><strong>missos.</strong></span> 
     </span>
    </p>

    <p class='ocr_par' dir='ltr' id='par_1_13' title="bbox 366 3158 990 3326">
     <span class='ocr_line' id='line_1_30' title="bbox 366 3158 990 3241; baseline 0.005 -22"><span class='ocrx_word' id='word_1_145' title='bbox 366 3158 433 3220; x_wconf 87' lang='lat' dir='ltr'><strong>Hoc</strong></span> <span class='ocrx_word' id='word_1_146' title='bbox 448 3159 474 3219; x_wconf 93' lang='lat' dir='ltr'><strong>si</strong></span> <span class='ocrx_word' id='word_1_147' title='bbox 491 3163 603 3237; x_wconf 86' lang='lat' dir='ltr'><strong>terque</strong></span> <span class='ocrx_word' id='word_1_148' title='bbox 620 3166 791 3241; x_wconf 79' lang='lat' dir='ltr'><strong>quaterque</strong></span> <span class='ocrx_word' id='word_1_149' title='bbox 806 3158 990 3241; x_wconf 77' lang='lat' dir='ltr'><strong>clamitatis,</strong></span> 
     </span>
     <span class='ocr_line' id='line_1_31' title="bbox 368 3239 846 3326; baseline 0.006 -22"><span class='ocrx_word' id='word_1_150' title='bbox 368 3242 508 3325; x_wconf 81' lang='lat' dir='ltr'><strong>Inpones</strong></span> <span class='ocrx_word' id='word_1_151' title='bbox 521 3239 671 3325; x_wconf 80' lang='lat' dir='ltr'><strong>plagiario</strong></span> <span class='ocrx_word' id='word_1_152' title='bbox 685 3243 846 3326; x_wconf 90' lang='lat' dir='ltr'><strong>pudorem.</strong></span> 
     </span>
    </p>
   </div>
   <div class='ocr_carea' id='block_1_11' title="bbox 761 3393 836 3455">
    <p class='ocr_par' dir='ltr' id='par_1_14' title="bbox 761 3393 836 3455">
     <span class='ocr_line' id='line_1_32' title="bbox 761 3393 836 3455; baseline 0.013 -1"><span class='ocrx_word' id='word_1_153' title='bbox 761 3393 836 3455; x_wconf 91' lang='lat' dir='ltr'><strong>Llll.</strong></span> 
     </span>
    </p>
   </div>
   <div class='ocr_carea' id='block_1_12' title="bbox 369 3503 1223 3584">
    <p class='ocr_par' dir='ltr' id='par_1_15' title="bbox 369 3503 1223 3584">
     <span class='ocr_line' id='line_1_33' title="bbox 369 3503 1223 3584; baseline 0.006 -20"><span class='ocrx_word' id='word_1_154' title='bbox 369 3503 435 3577; x_wconf 84' lang='lat' dir='ltr'><strong>Una</strong></span> <span class='ocrx_word' id='word_1_155' title='bbox 449 3512 498 3565; x_wconf 92' lang='lat' dir='ltr'><strong>est</strong></span> <span class='ocrx_word' id='word_1_156' title='bbox 512 3505 545 3564; x_wconf 88' lang='lat' dir='ltr'><strong>in</strong></span> <span class='ocrx_word' id='word_1_157' title='bbox 559 3507 674 3565; x_wconf 90' lang='lat' dir='ltr'><strong>nostris</strong></span> <span class='ocrx_word' id='word_1_158' title='bbox 688 3512 756 3584; x_wconf 89' lang='lat' dir='ltr'><strong>tua,</strong></span> <span class='ocrx_word' id='word_1_159' title='bbox 777 3505 962 3584; x_wconf 84' lang='lat' dir='ltr'><strong>Fidentine,</strong></span> <span class='ocrx_word' id='word_1_160' title='bbox 982 3504 1101 3568; x_wconf 89' lang='lat' dir='ltr'><strong>libellis</strong></span> <span class='ocrx_word' id='word_1_161' title='bbox 1130 3533 1134 3539; x_wconf 65' lang='grc'><strong>’</strong></span> <span class='ocrx_word' id='word_1_162' title='bbox 1218 3549 1223 3563; x_wconf 43' lang='grc' dir='ltr'><strong>ι</strong></span> 
     </span>
    </p>
   </div>
   <div class='ocr_carea' id='block_1_13' title="bbox 369 3585 1097 3748">
    <p class='ocr_par' dir='ltr' id='par_1_16' title="bbox 369 3585 1097 3748">
     <span class='ocr_line' id='line_1_34' title="bbox 369 3585 1062 3692; baseline 0.009 -47"><span class='ocrx_word' id='word_1_163' title='bbox 369 3585 496 3666; x_wconf 75' lang='lat' dir='ltr'><strong>Pagina,</strong></span> <span class='ocrx_word' id='word_1_164' title='bbox 515 3588 572 3649; x_wconf 89' lang='lat' dir='ltr'><strong>sed</strong></span> <span class='ocrx_word' id='word_1_165' title='bbox 587 3595 673 3650; x_wconf 81' lang='lat' dir='ltr'><strong>certo</strong></span> <span class='ocrx_word' id='word_1_166' title='bbox 686 3586 801 3691; x_wconf 76' lang='lat' dir='ltr'><strong>dorqini</strong></span> <span class='ocrx_word' id='word_1_167' title='bbox 815 3592 1062 3692; x_wconf 35' lang='lat' dir='ltr'><strong>signato‘ligura,</strong></span> 
     </span>
     <span class='ocr_line' id='line_1_35' title="bbox 371 3670 1097 3748; baseline 0.007 -16"><span class='ocrx_word' id='word_1_168' title='bbox 371 3670 452 3748; x_wconf 76' lang='lat' dir='ltr'><strong>Quae</strong></span> <span class='ocrx_word' id='word_1_169' title='bbox 465 3678 518 3734; x_wconf 90' lang='lat' dir='ltr'><strong>tua</strong></span> <span class='ocrx_word' id='word_1_170' title='bbox 530 3671 666 3734; x_wconf 87' lang='lat' dir='ltr'><strong>traducit</strong></span> <span class='ocrx_word' id='word_1_171' title='bbox 678 3675 842 3735; x_wconf 82' lang='lat' dir='ltr'><strong>manufesto</strong></span> <span class='ocrx_word' id='word_1_172' title='bbox 857 3693 991 3736; x_wconf 85' lang='lat' dir='ltr'><strong>curmrna</strong></span> <span class='ocrx_word' id='word_1_173' title='bbox 1004 3675 1097 3738; x_wconf 87' lang='lat' dir='ltr'><strong>furto.</strong></span> 
     </span>
    </p>
   </div>
   <div class='ocr_carea' id='block_1_14' title="bbox 349 3944 371 4017">
    <p class='ocr_par' dir='ltr' id='par_1_17' title="bbox 349 3944 371 4017">
     <span class='ocr_line' id='line_1_36' title="bbox 349 3944 371 4017; baseline 0 0"><span class='ocrx_word' id='word_1_174' title='bbox 349 3944 371 4017; x_wconf 41' lang='lat' dir='ltr'><strong>xa</strong></span> 
     </span>
    </p>
   </div>
   <div class='ocr_carea' id='block_1_15' title="bbox 1280 389 1364 495">
    <p class='ocr_par' dir='ltr' id='par_1_18' title="bbox 1280 389 1364 495">
     <span class='ocr_line' id='line_1_37' title="bbox 1280 389 1364 495; baseline 0.024 -2"><span class='ocrx_word' id='word_1_175' title='bbox 1280 389 1364 495; x_wconf 73' lang='grc' dir='ltr'><strong>ιι</strong></span> 
     </span>
    </p>
   </div>
   <div class='ocr_carea' id='block_1_16' title="bbox 0 0 1638 4409">
    <p class='ocr_par' dir='ltr' id='par_1_19' title="bbox 0 0 1638 4409">
     <span class='ocr_line' id='line_1_38' title="bbox 0 0 1638 4409; baseline 0 0"><span class='ocrx_word' id='word_1_176' title='bbox 0 0 1638 4409; x_wconf 95' lang='lat' dir='ltr'><strong> </strong></span> 
     </span>
    </p>
   </div>
  </div>
 </body>
</html>
