3267 4409
372 472 414 538 26
582 484 586 491 ·
700 485 737 533 n.
751 484 831 537 mut.
853 480 1040 533 mvurtama

371 624 488 687 Instruit
509 640 582 702 ergc
604 622 701 685 braum
721 623 888 702 provincia:
911 624 1031 685 sumitur
1050 624 1133 689 illinc

372 708 459 785 Quod
482 717 614 787 captator
633 716 709 769 emat
722 708 845 784 laenam
857 707 977 769 Aurelia
998 708 1116 771 vendat.

370 792 487 854 Virroni
508 810 643 867 muraena
666 791 766 868 datur,
792 810 870 871 qnae
889 792 1012 855 maxima
1033 794 1113 865 verrit

372 876 491 954 Gurgite
513 876 550 937 de
571 876 686 944 Siculo:
710 893 774 936 nam
796 876 863 936 duna
885 894 919 937 aa
941 877 1070 937 continet
1092 876 1216 961 Auctor,
1314 890 1362 947 ιω

371 960 445 1021 Dum
468 961 554 1031 cedet
575 969 605 1021 et
626 961 718 1021 siccat
738 960 867 1020 madidae
889 961 917 1019 ln
939 978 1061 1021 carcere
1082 961 1199 1040 pinnaa3

372 1041 563 1105 contemnunt
584 1044 707 1104 mediam
726 1044 881 1103 temeraria
904 1044 961 1104 lina
983 1041 1173 1121 Charybdim:

253 1124 260 1137 “
370 1127 433 1189 voa
454 1127 581 1205 anguilla
603 1135 699 1189 manet
720 1127 827 1204 longae
848 1136 974 1204 cognata
995 1128 1149 1205 colubrae,
1218 1168 1221 1173 -

282 1223 285 1227 ’
371 1213 430 1273 Aut
450 1211 548 1290 glacie
568 1229 707 1291 aspersus
730 1210 852 1271 maculis
874 1210 1027 1272 Tiberinae
1050 1222 1079 1274 et
1099 1214 1166 1293 ipae

370 1296 499 1358 Vernula
520 1297 662 1375 riparum,
686 1295 801 1373 pinguia
828 1303 961 1356 torrente
982 1294 1085 1357 cloaca

370 1380 409 1443 Et
430 1379 534 1440 aclitns
555 1378 670 1439 mediae
695 1386 826 1457 cryptam
847 1387 1005 1457 penetrare
1029 1379 1174 1441 Suburae.

412 1463 473 1544 lpai
498 1480 591 1543 panca
610 1461 714 1538 velim,
737 1461 855 1523 facilem
877 1463 903 1523 ai
923 1462 1067 1540 praebeat
1088 1482 1205 1526 aurem:

369 1546 463 1609 Nemo
485 1547 573 1625 petit,
595 1547 718 1607 modicia
741 1563 816 1626 qnae
839 1545 1025 1608 mittebantur
1045 1548 1147 1609 amicis
1235 1567 1238 1571 ·

369 1631 398 1691 A
420 1632 552 1707 Seneca,
576 1647 651 1709 quae
674 1630 742 1691 Piae
764 1630 873 1706 bonna,
897 1647 973 1710 quae
997 1627 1084 1692 curm
1106 1630 1232 1693 calebat

369 1714 497 1793 largiri:
522 1732 646 1792 namque
670 1722 700 1774 et
720 1714 810 1775 titulia
832 1723 864 1775 ct
884 1713 1014 1777 iaacibue
1035 1714 1104 1777 clim

369 1797 463 1860 dlalor
484 1797 646 1859 habebatur
666 1796 790 1858 donandi
815 1797 927 1875 gloria:
949 1796 1043 1860 aulum

369 1882 537 1959 Pcacimna,
560 1890 589 1942 nt
611 1898 722 1943 coenea
745 1880 884 1951 civiliter;
929 1882 1076 1963 bccxiaca
1098 1891 1130 1945 et
1151 1892 1233 1963 erto,

369 1967 458 2046 Esto,
482 1975 513 2028 nt
534 1984 610 2027 nunc
629 1965 727 2042 multi,
750 1964 834 2026 diaes
855 1964 923 2042 tibi,
945 1984 1060 2046 pauper
1082 1966 1203 2030 amicir!

411 2052 533 2113 Anseris
558 2059 625 2111 ante
647 2051 741 2130 iprum
760 2052 857 2128 magni
879 2051 978 2128 iecur,
1001 2050 1154 2113 amantea
1176 2069 1235 2132 par

370 2136 468 2197 ditilia
491 2144 521 2196 et
541 2134 610 2196 ilari
630 2134 733 2213 dignae
754 2133 836 2195 ferro
853 2131 1001 2212 -llelaagrl
1107 2174 1111 2181 -
1318 2146 1361 2203 nt

370 2219 470 2281 Fumat
489 2237 578 2298 apem
601 2228 669 2298 post
691 2219 767 2279 hunc
789 2218 939 2279 tradentur
961 2218 1081 2296 tubera,
1102 2218 1129 2281 el
1148 2236 1207 2281 ver
1276 2246 1280 2251 ·

371 2303 453 2364 'lunc
476 2305 531 2364 erit
565 2311 596 2363 et
625 2303 733 2364 facient
753 2310 853 2382 optata
874 2302 999 2365 tonitrua
1023 2319 1133 2365 coenae

369 2385 507 2448 dlaiorea.
551 2385 618 2446 Tibi
638 2385 714 2447 habe
737 2385 925 2463 frumentum,
949 2385 1084 2449 Alledius
1105 2386 1211 2467 inquit,

371 2468 520 2543 0Libya;
544 2468 676 2545 disiunge
699 2468 812 2546 boves,
835 2469 902 2531 dum
922 2470 1027 2533 tubera
1048 2470 1220 2534 miliari-

371 2552 552 2614 Structorem
575 2552 703 2628 interea,
724 2570 762 2612 ne
783 2570 839 2631 qua
863 2553 1020 2632 indignatio
1041 2553 1130 2633 derit,
1275 2612 1281 2638 ,Ι
1315 2566 1363 2623 12)

371 2633 529 2696 saltantem
550 2643 669 2712 speclea
689 2644 719 2696 et
738 2636 956 2700 chironomunta
975 2638 1085 2719 volanti

371 2715 521 2795 cultello,
546 2716 642 2778 donec
664 2729 787 2798 peragat
807 2720 915 2785 dictata
934 2722 1066 2801 magistri

371 2801 487 2871 Omnia3
508 2820 563 2862 nec
585 2804 701 2863 minimo
723 2823 793 2866 sana
814 2806 981 2867 discrimine
1000 2806 1105 2885 refert,

370 2886 436 2960 Quo
455 2894 541 2963 gestu
562 2885 683 2967 lepores
705 2897 735 2949 et
757 2906 814 2968 quc
836 2889 946 2968 gallina
966 2899 1095 2953 cecatur.

368 2969 493 3032 Duceria
514 2971 629 3052 planta,
649 2971 732 3034 velut
753 2974 830 3034 intua
852 2972 887 3035 ab
906 2973 1035 3037 Hercule
1058 2970 1169 3053 Genua,
1200 3022 1203 3027 -
1316 2980 1360 3045 rat
1398 3038 1399 3043 ,

367 3052 405 3114 Et
426 3071 538 3133 ponere
559 3055 648 3132 ionia,
675 3057 700 3117 ai
722 3057 790 3137 quid
813 3060 1003 3138 temptaverit
1025 3076 1162 3138 umquam

366 3136 504 3215 Hiscere,
526 3148 669 3220 tamquam
690 3139 800 3202 babeas
825 3143 878 3203 tria
898 3145 1021 3204 numina.
1066 3142 1193 3219 Quando
1215 3146 1351 3227 prnpiml

365 3221 453 3282 Virro
474 3223 526 3283 tibi
551 3224 674 3285 anmitve
695 3225 752 3285 tcia
775 3236 909 3288 contacta
929 3226 1047 3290 labellia
1245 3222 1250 3229 '

365 3303 497 3368 Pocula?
520 3309 584 3387 quia
604 3317 733 3369 vestrum
756 3313 929 3373 temerariae
949 3329 1044 3392 unque
1064 3310 1160 3392 aden,
1182 3316 1254 3395 qnia
1320 3352 1323 3359 ·

366 3388 516 3466 Perditna,
542 3400 571 3452 ut
593 3391 772 3471 dicateegi:
794 3391 886 3456 nibet
929 3393 1054 3457 Plurima
1072 3404 1157 3476 aunt,
1182 3416 1265 3479 quae
1313 3406 1359 3465 tw

366 3470 431 3531 Non
453 3475 559 3536 audent
581 3473 713 3537 homines
734 3487 853 3557 pertusa
875 3480 977 3541 dicere
998 3472 1100 3553 laeum
1293 3480 1303 3497 '

367 3553 581 3635 Quadringenta
601 3559 653 3620 tibi
675 3562 701 3621 ai
724 3562 788 3640 qnia
810 3558 882 3623 deda
905 3571 954 3624 aut
975 3563 1077 3625 similia
1097 3562 1144 3625 die
1396 3534 1399 3717 4

366 3636 404 3698 Et
425 3641 529 3701 melion
550 3643 618 3723 latia
639 3643 762 3706 donaret
779 3645 960 3724 homuncio,⁴
977 3655 1103 3727 quantae

360 3720 411 3783 Ex
431 3724 541 3806 nihilo,
565 3736 687 3808 quantae
711 3729 798 3790 lieres
821 3731 954 3791 Virronis
978 3730 1104 3794 anniane!
1395 3720 1399 3775 ¹

351 3807 400 3873 Da
425 3809 553 3879 Trebio!
578 3832 660 3899 pone
680 3816 721 3881 ad
738 3813 893 3880 trebiani
910 3815 959 3876 uia
975 3815 1067 3876 irater
1082 3815 1122 3883 ub
1139 3816 1217 3896 ipaia
1309 3826 1351 3885 rat
