3267 4409
370 486 411 549 22
687 497 723 545 n.
745 497 817 547 unu.
837 496 1023 546 mvuurxms

370 638 433 699 Nec
455 636 559 697 melior
578 635 677 713 vultu,
702 636 832 715 quamvis
853 634 1008 713 ignobilis,
1029 632 1091 697 ibat

372 721 512 798 Rubrius,
534 720 666 780 offensae
688 720 798 780 veteris
819 718 887 779 rcus
909 728 996 798 atque
1017 718 1172 797 tacendae,

371 806 409 866 Et
429 815 524 865 tamcu
546 803 705 883 improbior
725 804 841 865 satiram
863 803 1009 863 scribente
1032 803 1165 864 cinaedo.

370 888 496 950 Montani
521 905 638 966 qnoque
659 896 761 947 venter
782 888 866 948 adest
888 886 1039 947 abdomine
1060 888 1173 964 tardus,

370 972 409 1034 Et
429 973 565 1032 matutino
587 972 693 1033 sudans
718 969 867 1049 Crispinus
891 987 1014 1047 amomo,

372 1057 513 1130 Quantum
533 1057 582 1117 vix
602 1056 737 1116 redolent
758 1055 815 1114 duo
837 1054 954 1122 funera;
978 1054 1095 1113 saevior
1116 1052 1171 1114 illo

371 1141 525 1219 Pompeius
547 1141 624 1199 tenui
644 1140 760 1218 iugulos
782 1138 898 1216 aperire
919 1155 1050 1214 susurro,
1089 1192 1094 1201 .

370 1225 409 1285 Et
428 1226 479 1303 qui
501 1223 661 1284 vulturibus
683 1221 820 1283 servabat
839 1223 954 1283 viscera
975 1221 1065 1281 Dacis

371 1309 501 1384 Fuscus,
524 1324 685 1368 marmorea
704 1305 856 1366 meditatus
878 1305 992 1384 proelia
1012 1303 1094 1380 villa,

372 1393 409 1453 Et
433 1410 497 1451 curn
516 1391 666 1455 mortifero
688 1390 814 1470 prudens
836 1389 962 1449 Veiento
986 1380 1114 1464 Catullo,

373 1477 429 1550 Qui
449 1493 601 1554 numquam
621 1477 702 1536 visae
725 1473 866 1551 flagrabat
887 1474 987 1533 amore
1008 1471 1139 1551 puellae,

374 1558 486 1620 Grande
511 1567 541 1619 et
565 1560 752 1638 conspicuam
774 1562 875 1617 nostro
896 1572 1013 1635 quoqne
1030 1564 1167 1636 tempore
1187 1564 1363 1623 monstrum

374 1641 488 1702 Caecus
511 1642 643 1702 adulator
664 1643 801 1719 dirusque
823 1658 839 1700 a
861 1650 950 1720 ponte
972 1639 1104 1717 satelles,
1315 1652 1364 1707 115

373 1726 484 1803 Dignus
509 1727 644 1787 Aricinos
666 1727 714 1804 qui
735 1725 913 1785 mendicaret
936 1724 971 1785 ad
996 1741 1067 1785 axes

372 1809 538 1887 Blandaque
561 1809 692 1869 devexae
716 1811 838 1870 iactaret
858 1807 940 1869 basia
960 1809 1059 1870 redae.

372 1894 465 1955 Nemo
487 1895 579 1971 magis
599 1891 749 1953 rhombum
771 1893 895 1970 strrpuit:
916 1909 980 1953 nam
1002 1891 1124 1971 plurima
1147 1889 1223 1951 dixit

372 1978 405 2039 ln
426 1979 540 2039 laevum
563 1994 737 2045 conversus;
762 1975 854 2036 atilli
878 1976 980 2037 dextra
1000 1975 1117 2037 iacebat
1316 1986 1360 2041 lm

372 2062 484 2123 Bellua.
529 2062 579 2136 Sic
600 2078 712 2140 pugnes
734 2058 833 2120 Cilicis
856 2058 990 2121 laudabat
1013 2067 1042 2121 et
1064 2060 1141 2119 ictus
1171 2062 1175 2069 '

373 2143 411 2205 Et
433 2164 537 2224 pegma
559 2153 588 2205 et
610 2162 718 2224 pueros
742 2144 809 2205 inde
830 2143 865 2204 ad
887 2143 997 2204 velaria
1020 2151 1132 2220 raptos.

373 2229 439 2289 Non
461 2231 537 2290 cedit
557 2228 700 2306 Veiento,
722 2229 774 2288 sed
797 2236 828 2288 ut
848 2227 989 2288 fanaticus
1013 2235 1113 2287 oestro

374 2314 549 2388 Percussus,¹
571 2312 711 2389 Bellona,
735 2321 784 2373 tuo
807 2312 914 2374 divinat
934 2319 980 2387 et,
1003 2310 1109 2388 lugens

375 2396 592 2470 Omen'habes‚
616 2398 721 2475 inquit,
746 2396 841 2472 magni
863 2395 992 2473 clarique
1013 2393 1165 2472 triumphi:
1184 2456 1191 2465 ,
1314 2402 1354 2459 lib

374 2479 486 2555 Regem
509 2478 633 2557 aliquem
656 2480 771 2556 capies,
795 2488 843 2538 aut
864 2477 901 2538 de
922 2487 1037 2539 temone
1056 2476 1196 2563 Britanno

373 2559 500 2621 Excidet
521 2561 696 2636 Aruiragus:
719 2563 873 2638 peregrina
894 2570 939 2623 est
959 2561 1071 2628 bellua;
1097 2563 1198 2621 cernis

375 2643 499 2709 Erectas
520 2644 549 2702 in
571 2651 654 2719 terga
675 2642 836 2704 sudes‘l—
854 2644 918 2705 lloc
938 2643 1029 2706 deiuit
1048 2661 1135 2705 unum

376 2725 530 2803 Fabricio,
552 2728 672 2804 patriam
694 2736 724 2787 ut
745 2728 857 2788 rhombi
882 2737 1057 2791 memoraret
1078 2736 1109 2789 et
1130 2745 1294 2790 annos.-

377 2809 516 2884 Quidnam
537 2811 624 2887 igitur
645 2808 773 2871 censes?
793 2810 1026 2874 conciditurl-
1045 2809 1130 2873 Absit
1150 2810 1189 2874 alt
1209 2812 1266 2877 illo
1312 2814 1354 2873 1tt

375 2892 511 2955 Dedecus
533 2892 606 2971 boc,
628 2893 778 2956 llontanus
801 2899 853 2966 ait;
876 2905 953 2957 testa
974 2896 1030 2958 alta
1054 2904 1186 2976 paretur,

377 2978 458 3051 Quae
479 2979 557 3038 tenui
581 2995 662 3038 muro
684 2982 842 3059 spatiosum
864 2980 984 3058 colligat
1005 2979 1116 3041 orbern.

374 3060 506 3122 Debetur
527 3080 648 3140 magnus
670 3066 785 3141 patinae
810 3053 981 3143 subitusque
1001 3062 1211 3133 Prometheum

373 3145 516 3222 Argillam
537 3155 624 3225 atque
647 3155 739 3207 rotam
761 3149 845 3207 citius
867 3147 1042 3228 properate!
1067 3146 1122 3208 aed
1142 3166 1183 3208 ex
1203 3146 1266 3211 boc

374 3228 610 3307 Temporalem,
633 3227 757 3305 Caesar,
782 3232 863 3308 figuli
888 3241 936 3292 tna
958 3241 1053 3292 castra
1073 3234 1352 3310 sequentum—lii

372 3311 451 3372 Vicit
471 3312 557 3389 digna
577 3316 640 3374 viro
663 3317 818 3375 sententia:
842 3324 964 3376 noverat
983 3316 1037 3375 illc'
1385 3271 1392 3364 Ι

374 3394 527 3456 Luxuriam
547 3398 660 3477 imperii
680 3407 811 3459 veterem
833 3409 995 3478 noctesque
1017 3398 1145 3459 Neronia

375 3476 433 3537 lam
454 3480 563 3540 medias
585 3483 727 3561 aliamque
750 3484 870 3560 lamera,
894 3494 980 3562 quum
1003 3482 1103 3562 pulmo
1125 3481 1259 3545 Falerno
1388 3428 1392 3543 ¹

375 3560 510 3622 Arderet.
555 3564 632 3625 Nulli
654 3568 745 3626 maior
766 3568 819 3627 luit
841 3586 910 3628 usus
933 3566 1038 3628 edendi
1387 3553 1392 3662 l

376 3643 560 3723 Tempestate
582 3667 661 3710 mea:
686 3647 797 3710 Circeis
820 3661 886 3712 nata
905 3652 1003 3712 forent
1023 3669 1060 3711 au
1141 3683 1148 3695 ·
1312 3652 1352 3713 itt

370 3725 523 3792 lucrinum
546 3731 582 3795 ad
605 3751 706 3796 saxum
727 3733 910 3816 Rutupinove
932 3736 1010 3797 edita
1028 3734 1119 3798 leudo
1387 3665 1392 3860 ι

1388 3903 1397 3953 l
