3267 4409
374 563 395 622 2
819 573 932 622 eunom

373 711 509 791 castiges
534 711 653 787 tmtina‚
674 730 731 772 nec
752 723 781 774 te
804 713 984 792 quaesiveris
1008 721 1100 774 extra.

372 797 445 858 Nam
468 796 578 856 Romae
602 797 665 874 quis
687 813 744 854 uon
759 796 824 856 —i
851 797 886 857 ah
911 799 935 855 si
957 797 1000 856 las
1023 797 1139 857 dicere!
1166 797 1218 858 sed
1241 797 1301 866 ias:

374 880 471 956 Tunc,
495 898 579 958 quum
602 880 637 939 ad
662 881 794 940 canitiem
816 889 846 940 et
869 889 996 939 nostrum
1018 881 1093 939 istud
1117 882 1218 941 vivere
1235 884 1325 942 ‘triste
1351 916 1359 933 ·

373 964 487 1042 hspcui
508 982 542 1023 ac
563 961 684 1021 nucibus
707 963 827 1024 iacimus
849 980 1048 1042 quaecumque
1071 963 1192 1040 relictis,
1323 978 1356 1029 10

373 1048 468 1121 Quum
490 1048 617 1124 sapimus
639 1055 770 1123 patruos;
795 1057 862 1106 tunc
875 1055 949 1105 tunc
971 1080 1012 1092 —
1035 1047 1195 1123 ignoscite,
1216 1047 1303 1116 nolo;

372 1131 448 1204 Quid
472 1126 598 1190 faciam?
618 1129 672 1188 sed
696 1148 757 1190 sum
779 1130 919 1209 petulanti
942 1129 1100 1206 splene-
1123 1130 1273 1190 cachinno.

415 1213 574 1273 Scribimus
598 1211 717 1288 inclusi,
743 1230 878 1274 numeros
902 1212 969 1287 ille,
993 1211 1040 1271 hic
1068 1213 1144 1289 pede
1167 1212 1253 1289 liber,
1293 1206 1300 1214 ’

306 1296 309 1302 ’
372 1295 486 1358 Grande
509 1297 629 1374 aliquid,
654 1298 731 1374 quod
754 1297 851 1376 pulmo
876 1297 985 1357 animae
1007 1295 1177 1373 praelargus
1193 1296 1331 1374 xanhelet;

254 1416 259 1422 ·
371 1380 493 1440 Scilicet
514 1380 588 1440 haec
611 1379 720 1456 populo
741 1396 893 1459 pexusque
915 1387 1042 1455 togaque
1066 1380 1177 1438 receuti
1323 1393 1355 1445 ιε)

371 1463 408 1522 Et
431 1462 565 1523 natalicia
588 1463 702 1522 tandem
723 1482 787 1523 cum
809 1462 991 1536 sardonyche
1014 1461 1096 1522 albus

372 1547 451 1606 Sede
472 1546 574 1622 legens
598 1545 693 1622 celsa,
718 1546 827 1626 liquido
851 1564 937 1623 quum
958 1545 1097 1623 plasmate
1120 1554 1216 1623 guttur

372 1628 484 1688 Mobile
508 1630 661 1704 sotheris,
686 1631 809 1706 patranti
834 1630 942 1689 fractus
966 1627 1074 1687 ocello.

371 1711 426 1771 llic
449 1730 544 1790 neque
564 1726 645 1770 more
668 1712 762 1790 probo
784 1714 885 1772 videas
909 1729 965 1770 uec
988 1729 1063 1770 voce
1088 1730 1193 1772 serena

371 1795 510 1872 lugentes
538 1795 685 1871 trepidare
711 1796 807 1871 litos,
836 1813 926 1873 quum
947 1795 1071 1855 carmina
1093 1792 1218 1855 lunibum
1312 1794 1355 1874 '20

371 1878 495 1954 Intrasti,
520 1887 549 1937 et
567 1879 690 1937 tremulo
713 1879 881 1957 scalpuntur
904 1877 952 1936 ubi
974 1879 1070 1937 intima
1092 1897 1189 1938 versu.

372 1962 462 2038 'l'un’‚
485 1962 601 2036 vetule,
625 1963 759 2022 auriculis
781 1961 884 2022 alienis
905 1961 1018 2037 colligis
1042 1959 1147 2021 escas?

372 2045 536 2121 Auriculis‚
559 2045 661 2123 quibus
687 2056 716 2106 et
738 2047 817 2105 dicas
843 2054 908 2105 cute
931 2045 1061 2124 perditus
1083 2045 1208 2107 ohel-

372 2130 438 2203 Quo
463 2129 616 2204 didicisse,
639 2130 694 2188 nisi
716 2129 773 2195 hoc
795 2130 965 2189 fermentum
989 2137 1018 2188 et
1041 2146 1115 2207 quae
1138 2128 1236 2189 semel·
1253 2130 1329 2190 intus

371 2212 470 2272 Innata
495 2221 556 2288 est,
580 2222 665 2290 rupto
688 2215 805 2287 iecore,
831 2213 935 2272 exierit
958 2210 1133 2291 caprificus?
1151 2245 1193 2257 -
1319 2223 1354 2276 it

371 2294 416 2368 En
439 2295 536 2373 pallor
557 2296 741 2374 seniumque!
776 2295 800 2354 0
824 2295 934 2356 mores!
959 2295 1187 2374 usqueadeone

371 2380 455 2439 Scire
478 2389 555 2440 tuum
576 2379 646 2439 nihil
669 2390 729 2456 est,
751 2381 805 2439 nisi
828 2389 857 2438 te
882 2380 957 2440 scire
981 2380 1037 2440 hoc
1060 2379 1133 2438 sciat
1155 2374 1303 2438 altcrl-
1394 2403 1397 2407 >

371 2462 411 2522 At
436 2463 588 2540 pulchrum
611 2471 656 2522 est
677 2465 767 2540 digito
788 2465 941 2523 monstrari
966 2472 995 2522 et
1019 2463 1109 2522 dicier
1132 2463 1183 2523 hio
1204 2464 1266 2538 est!

372 2545 443 2604 Ten'
472 2547 642 2605 cirratorum
668 2557 783 2607 centum
806 2547 911 2607 dictata
934 2547 1025 2606 luisse

371 2629 428 2687 Pro
453 2628 543 2688 nihilo
568 2628 753 2706 pendasi-
777 2629 858 2688 Ecce
883 2631 958 2688 iuter
981 2629 1086 2707 pocula
1108 2637 1249 2707 quaeruut
1306 2637 1352 2691 ’30

371 2711 542 2771 Romulidae
568 2714 671 2789 saturi,
697 2715 764 2792 quid
790 2714 836 2772 dia
859 2722 992 2790 poemata
1014 2722 1139 2772 narrent.

371 2795 425 2855 llic
450 2796 573 2874 aliquis,
599 2798 645 2855 cui
668 2800 745 2856 circa
767 2796 903 2856 humeros
925 2797 1106 2872 hyacinthina
1129 2796 1213 2855 laena
1236 2804 1291 2871 cst,

371 2878 562 2939 Rancidulum
586 2881 718 2958 quiddam
740 2879 827 2940 balba
852 2882 887 2941 de
909 2899 979 2942 nare
1000 2880 1125 2956 locutus,

371 2962 535 3038 Phyllidas,
559 2962 753 3042 Hypsipylae,
780 2974 876 3024 vatum
901 2975 930 3024 et
950 2964 1094 3042 plorabile
1116 2965 1140 3023 si
1164 2963 1241 3040 quid,

371 3045 503 3124 Eliquat‚
527 3063 562 3106 ac
581 3056 682 3106 tenero
708 3047 873 3125 supplantat
894 3046 984 3106 verba
1007 3049 1117 3124 palato.
1319 3054 1353 3106 35

370 3129 538 3188 Assensere
560 3131 629 3198 viri;
655 3136 738 3190 nunc
752 3148 809 3189 non
832 3133 903 3191 cinis
924 3129 975 3189 ille
996 3139 1102 3207 poetae

270 3210 272 3213 ’
370 3211 476 3272 Felix?
501 3231 559 3272 uon
586 3213 680 3274 levior
703 3215 805 3292 cippus
828 3232 902 3273 nuuc
924 3213 1057 3289 imprimit
1082 3210 1170 3271 ossal

370 3295 498 3356 Laudant
521 3300 677 3366 convivae;
704 3314 779 3356 nunc
804 3314 862 3355 nou
883 3315 900 3355 e
921 3293 1051 3354 manibus
1074 3294 1144 3371 illis,

369 3379 454 3440 Nunc
478 3399 535 3440 uon
559 3399 575 3440 e
602 3381 710 3441 tumulo
736 3380 937 3457 fortunataque
964 3377 1063 3437 favilla

368 3462 534 3523 Nascentur
559 3461 734 3524 violaei-
760 3461 867 3538 Rides,
891 3464 945 3537 ait,
971 3470 1000 3520 et
1024 3462 1106 3519 nimis
1130 3462 1210 3521 uncis
1319 3472 1353 3526 40

368 3544 494 3606 Naribus
519 3546 667 3624 indulges;
692 3565 728 3606 au
755 3547 808 3606 erit
832 3547 880 3624 qui
900 3544 979 3605 velle
1004 3553 1122 3604 recuset

370 3627 411 3687 Os
434 3631 535 3708 populi
558 3634 717 3705 meruisse,
743 3640 772 3690 et
795 3630 884 3690 cedro
908 3629 993 3705 digna
1017 3627 1130 3688 locutus

267 3757 272 3764 .
368 3711 513 3791 Linquere
541 3733 597 3774 nec
621 3713 771 3774 scombros
797 3713 951 3773 metuentia
977 3713 1100 3772 carmina
1124 3731 1180 3772 nec
1206 3708 1327 3770 tusi*

414 3795 551 3876 Quisquis
575 3817 624 3875 es,
653 3814 687 3874 o,
713 3797 798 3858 modo
824 3814 909 3876 quem
931 3814 968 3855 ex
987 3795 1110 3857 adverso
1133 3798 1231 3857 dicere
1254 3797 1324 3876 ieci,
