3267 4409
479 528 483 533 ,
517 393 944 518 mrommmronnn.
961 453 999 518 v,
1217 453 1278 519 111

709 656 803 719 XVII.
891 675 895 685 ’

317 771 399 831 Dum
411 785 545 850 proavos
560 772 724 846 atavosque
737 768 840 827 refers
855 772 889 827 et
901 767 1024 827 nomina
1038 785 1160 846 magna,

311 856 315 865 '
362 855 443 915 Dum
456 852 515 912 tibi
533 856 640 910 noster
655 869 751 931 eques
768 851 893 911 sordida
908 851 1044 911 conditio
1061 858 1125 930 est,

317 940 398 1000 Dum
412 944 446 998 te
460 953 554 1015 posse
570 953 665 1012 negas
678 937 739 994 nisi
752 934 834 1014 lato,
857 934 975 1014 Gellia,
998 934 1084 996 olavo

358 1023 504 1098 Nubere,
526 1020 674 1100 nupsisti,
697 1017 814 1098 Gellia,
836 1019 985 1082 cistifero.

704 1151 812 1216 XVIII.

247 1316 249 1325 ·
321 1273 411 1351 Quod
425 1275 485 1336 tibi
498 1271 664 1332 Decembri
679 1290 802 1349 mense,
825 1290 884 1350 quo
898 1268 1004 1332 volant
1017 1291 1145 1354 mappae

323 1356 526 1438 Gracilesque
539 1354 654 1434 ligulae
669 1357 815 1434 cereique
832 1357 1019 1434 chartaeque

319 1441 360 1502 Et
374 1447 463 1503 acuta
476 1442 603 1502 senibus
616 1445 697 1500 testa
712 1459 780 1499 cum
793 1440 1007 1519 Damascenis,

247 1570 249 1591 3
321 1524 450 1586 Praeter
461 1523 588 1595 libellos
601 1523 744 1584 vernulas
759 1523 840 1584 nibiI
854 1524 939 1601 misi,

246 1594 256 1709 l
305 1608 465 1670 bl'ortasse
481 1628 588 1669 avarus
602 1607 708 1668 videar
722 1615 774 1669 aut
787 1610 979 1671 inhumanus.

259 1714 261 1725 ·
323 1692 379 1752 0di
392 1692 517 1755 dolosas
532 1711 693 1752 munerum
708 1701 741 1752 et
753 1692 847 1752 malas
863 1698 955 1753 artes.

324 1776 478 1836 Imitantur
492 1778 599 1836 hamos
615 1775 704 1840 dona.
733 1776 870 1854 Namque
887 1776 955 1855 quis
969 1775 1085 1853 nescit,

325 1860 448 1921 Avidum
462 1866 570 1922 vorato
585 1859 688 1938 decipi
703 1880 822 1919 scarum
838 1861 964 1921 musco?

303 1962 305 1966 ·
328 1943 471 2019 QuotIens
486 1945 583 2004 amico
600 1943 687 2003 diviti
702 1944 781 2004 nihil
797 1944 907 2022 donat,

277 2066 279 2073 ·
300 2026 347 2087 1⁰0
360 2029 541 2108 Quintiano,
561 2025 701 2088 liberalis
716 2034 765 2088 est
778 2047 906 2109 pauper.

709 2161 790 2226 XIX.

247 2266 257 2277 '
330 2270 427 2352 Siqua
439 2273 519 2336 tides
532 2277 630 2354 veris,
652 2276 825 2355 praeferri,
846 2276 974 2335 maxime
989 2276 1121 2352 Caesar,

310 2435 313 2441 Ι
363 2357 567 2441 Temporibus
583 2367 712 2439 possunt
726 2359 848 2420 saecula
862 2358 947 2419 nulla
961 2361 1030 2421 tuis,

331 2438 445 2516 Quando
464 2445 559 2522 magis
575 2443 682 2530 dignos
700 2443 789 2503 licuIt
804 2450 946 2524 spectare
964 2443 1158 2525 triumphos?

363 2525 488 2602 Quando
501 2527 633 2587 Palatini
647 2526 717 2608 plns
731 2546 875 2587 mernere
890 2527 964 2587 deii

319 2605 484 2671 il'olcbrior
497 2617 532 2671 et
546 2612 642 2671 maior
657 2631 717 2690 qno
732 2614 787 2671 sub
804 2611 882 2671 duce
895 2612 1010 2671 Martia
1021 2610 1140 2672 Roma?

350 2692 421 2756 -Sub
437 2714 498 2774 qno
511 2695 640 2755 libertas
655 2696 797 2774 principe
812 2701 898 2755 tanta
911 2696 994 2776 init?

332 2773 376 2835 llat
388 2786 491 2839 tumen
504 2780 565 2839 hoc
578 2780 702 2857 vitium,
719 2779 775 2840 sed
788 2799 851 2839 non
861 2778 949 2856 leve,
971 2781 1012 2840 sit
1024 2778 1101 2839 licet
1115 2796 1225 2855 unum,

362 2861 446 2937 Quod
460 2863 536 2924 colit
550 2864 684 2942 Ingratus
697 2873 815 2942 pauper
831 2865 987 2923 amicitias.

333 2940 393 3016 Qun
407 2943 540 3026 largitur
555 2966 630 3027 opes
643 2949 743 3007 veteri
756 2948 882 3026 fidoque
897 2946 1011 3024 sodali,

310 3027 329 3081 10
362 3029 420 3090 lut
434 3050 526 3109 quem
539 3032 738 3109 prosequitur
752 3051 814 3091 nou
829 3030 946 3091 alienus
964 3031 1082 3111 equesi

296 3152 300 3167 .
334 3106 538 3175 Srturnoliciae
552 3104 676 3194 ligulam
690 3116 811 3175 misisse
827 3115 960 3176 selibrae

364 3195 578 3259 Flammarisve
592 3208 683 3277 togae
698 3199 835 3279 scripula
846 3207 912 3260 tota
928 3197 1037 3258 decem

335 3271 449 3342 Luxuria
463 3289 529 3361 est,
551 3283 724 3363 tumidique
738 3290 849 3343 vocant
862 3285 939 3343 haec
953 3299 1081 3341 munera
1098 3296 1206 3358 reges:

367 3361 420 3437 Qui
433 3373 544 3446 crepet
559 3365 718 3445 aureolos,
738 3368 870 3427 forsitan
882 3386 960 3427 unus
976 3366 1046 3426 erit.
1062 3399 1066 3404 ν

313 3439 470 3516 liQoatenus
485 3452 519 3510 hi
537 3458 702 3528 nunaunt,
724 3458 792 3511 esto
807 3457 856 3530 tu,
878 3452 1008 3527 Caesar,
1031 3448 1164 3509 amicus:

365 3528 446 3592 Nulla
461 3533 549 3594 ducis
562 3537 660 3595 virtus
675 3535 795 3595 dulcior
808 3554 878 3596 esse
895 3539 1008 3615 potest.

246 3646 263 3662 ι·
337 3605 380 3671 lan
393 3613 503 3678 dudum
519 3619 614 3679 tacito
630 3618 732 3697 rides,
755 3620 956 3696 Germanice,
966 3636 1069 3678 aneso:

303 3758 306 3765 .
365 3695 439 3764 Utile
454 3702 539 3785 quod
554 3703 660 3782 nobis,
682 3703 722 3764 do
736 3704 794 3765 tibi
809 3701 979 3766 consilium.
