3267 4409
491 533 493 537 Ι
544 451 885 514 EPIGRAMMATON
901 452 974 514 LIB.
992 451 1040 513 111.
1267 451 1306 513 61

741 637 816 714 ur.
909 729 912 734 ¹

338 772 533 849 {Formosam
547 769 659 828 faciem
672 769 761 846 nigro
777 767 979 850 medicamine
995 768 1092 848 celas,

339 923 347 938 ‚
393 854 459 915 Sed
472 874 535 915 non
547 855 683 913 formoso
699 872 831 932 corpore
847 853 945 914 laedis
961 873 1061 930 aquas.

349 940 452 1021 Ipsam
467 938 563 999 crede
579 936 668 995 deam
681 939 784 996 verbis
798 939 856 998 tibi
873 937 978 997 dicere
993 939 1124 997 nostris:
1221 997 1223 1002 ,

393 1025 477 1103 „Ant
495 1023 582 1104 aperi
596 1021 724 1099 facicm,
748 1026 798 1080 aut
811 1025 948 1083 tunicata
961 1021 1090 1101 lava.“]‚

765 1172 816 1235 rv.
883 1251 885 1256 ,

352 1291 481 1350 Romam
495 1288 590 1367 vade,
610 1289 712 1350 liber:
734 1291 777 1367 si,
799 1291 922 1350 veneris
937 1288 1019 1349 unde
1027 1331 1042 1368 ,1
1058 1289 1214 1368 requiret,

393 1373 548 1434 Aemiliae
564 1373 649 1435 dices
665 1375 704 1434 de
719 1376 847 1454 regione
863 1375 939 1434 viae.

352 1459 402 1536 Si,
426 1460 537 1538 quibua
553 1459 586 1519 in
603 1461 713 1538 terris,
736 1479 794 1537 qna
808 1460 902 1518 simus
916 1460 949 1517 in
966 1458 1041 1517 urbe
1060 1457 1197 1536 rogabit,

395 1541 525 1604 Corneli
538 1543 659 1607 referas
673 1562 722 1604 me
737 1542 813 1603 licet
829 1562 897 1602 esse
911 1544 1004 1602 Foro.

333 1629 420 1689 50ur
435 1628 548 1705 absim,
572 1634 717 1706 quaeret:
737 1629 875 1688 breviter
889 1634 923 1686 tu
938 1626 1032 1686 multa
1046 1627 1162 1686 fatere:

395 1711 486 1788 „Non
501 1717 626 1791 poterat
638 1731 733 1771 vanae
748 1711 953 1780 taedia'ferre
969 1711 1091 1790 togae.“

354 1794 505 1874 „Quando
524 1796 653 1855 νέιιίῑὶὶα
668 1795 769 1857 dicet:
787 1804 823 1858 tu
837 1795 1043 1877 respondeto:
1064 1796 1183 1872 „Poeta

394 1881 540 1963 Exierat:
561 1881 682 1960 veniet,
705 1900 772 1941 cnm
788 1879 985 1944 citharoedus
1002 1880 1094 1940 erit.“

738 2015 811 2078 ·V.

355 2129 410 2191 vis
426 2128 636 2194 commendari
650 2131 717 2190 sine
731 2150 780 2192 me
796 2151 940 2191 cursurus
954 2132 987 2190 in
1001 2131 1127 2206 urbem,
1240 2123 1245 2133 ’

395 2214 494 2274 Parve
509 2213 606 2291 liber,
628 2213 749 2293 multis,
771 2236 809 2276 an
823 2218 897 2276 satis
912 2235 989 2275 nnus
1004 2215 1086 2274 erit‘l

355 2298 440 2358 Unus
458 2299 544 2376 erit,
558 2300 634 2359 mihi
648 2299 760 2377 crede,
783 2301 874 2378 satis,
898 2301 946 2360 cui
959 2316 1021 2359 non
1036 2300 1098 2359 cris
1112 2298 1242 2375 hospes,

396 2382 509 2459 Iulius,
531 2382 686 2443 assiduum
700 2403 812 2444 nomen
827 2386 860 2444 in
875 2403 930 2445 ore
948 2403 1026 2444 meo,

339 2464 503 2527 5Protinns
515 2467 596 2526 huuc
610 2469 727 2547 primae
743 2487 874 2548 quaeres
890 2470 923 2528 in
936 2469 1042 2528 limine
1059 2468 1190 2527 Tectae:

398 2552 481 2628 Quos
497 2553 598 2610 tenuit
611 2552 764 2632 Daphnis,
785 2573 867 2612 uunc
880 2559 969 2613 tenet
983 2552 1056 2630 ille,
1074 2551 1165 2611 lares.

356 2633 474 2713 Estjlli
490 2631 636 2714 coniunx,
659 2656 736 2715 qnae
750 2643 783 2697 te
798 2639 999 2716 manibusque
1014 2638 1143 2717 sinuque

395 2720 556 2800 Excipiet,
578 2727 611 2780 tn
624 2719 922 2801 velpulvernlentus
938 2741 998 2783 cas.

357 2803 421 2863 Hos
437 2809 470 2864 tu
491 2822 547 2863 seu
560 2806 679 2883 pariter
694 2807 757 2866 sive
776 2807 854 2865 hanc
868 2806 993 2866 illumve
1007 2805 1144 2885 priorem

322 2897 352 2948 10
395 2888 539 2964 Videris,
562 2889 622 2948 hoc
638 2889 722 2950 dices
738 2891 884 2968 „Marcus
901 2909 992 2950 avere
1006 2889 1126 2966 iubet,“

356 2972 396 3032 Et
410 2973 485 3032 uatis
502 2977 566 3032 est:
589 2972 665 3034 alios
682 2972 877 3034 commendet
888 2973 1039 3055 epistola:
1058 2976 1168 3054 peccat

366 3088 386 3118 ·.
397 3056 456 3132 Qui
473 3055 746 3117 commendandum
764 3077 797 3118 se
812 3064 901 3138 putat
919 3078 989 3120 esse
1004 3060 1075 3119 suis.
1157 3130 1163 3137 ⁷

761 3193 813 3255 Vl.

357 3304 421 3364 Lux
436 3306 494 3365 tibi
507 3311 579 3384 post
591 3305 662 3365 Idus
678 3313 857 3366 numeratur
871 3307 964 3367 tertia
978 3305 1093 3382 Maiae,

398 3388 603 3468 Marcelline,
625 3391 686 3449 tuis
701 3392 748 3450 bis
765 3388 951 3451 celebranda
966 3390 1070 3476 sacris.

358 3472 489 3551 imputat
503 3475 660 3533 aetherios
675 3481 761 3534 ortua
776 3476 854 3534 haec
868 3475 967 3553 prima
981 3473 1119 3553 parenti,

399 3556 490 3616 Libat
499 3559 653 3617 florentes
665 3559 742 3617 haec
756 3559 814 3618 tibi
832 3560 931 3637 prima
945 3575 1048 3635 genas.
1228 3556 1231 3560 ’

339 3639 471 3718 allagna
485 3639 563 3701 licet
576 3640 864 3702 dederitiucundae
879 3659 1006 3700 munera
1020 3641 1115 3720 vitae,

399 3723 474 3785 Plus
491 3745 644 3804 nunquam
662 3727 743 3805 patri
757 3727 916 3806 praestitit
928 3724 983 3785 ille
1000 3724 1075 3787 dios.
