3267 4409
414 510 434 541 .‚
545 454 883 516 nrronnnnrnron
896 455 971 536 nn.
986 444 1026 520 x„
1247 456 1309 522 ιιι

401 608 493 673 Visus
509 608 570 668 erit
583 605 673 667 libris
690 608 740 686 qui
755 609 856 668 minor
872 627 940 669 eoae
955 609 1078 671 tribuni

355 695 398 755 nt
411 695 526 754 fatuam
540 711 655 752 summa
670 710 781 751 cenare
795 690 939 771 pelorida
952 711 1057 754 mensa
1172 713 1173 716 ¹

313 790 348 842 ιο
397 777 548 855 Quodque
563 776 641 854 tegit
655 775 716 835 levi
730 779 847 835 cortice
861 778 977 836 concha
990 779 1111 858 brevio,

357 862 470 922 Ostrea
483 861 606 920 Baianis
622 879 711 941 quarn
726 879 787 919 non
801 858 929 920 liventia
943 863 1048 940 testis,

398 947 484 1023 Quae
499 943 620 1003 domino
635 944 799 1022 puerinon
814 946 999 1024 prohibente
1014 949 1146 1008 vorent?

354 1031 415 1090 Hic
430 1028 542 1088 olidam
556 1026 706 1086 clamosus
721 1045 791 1105 agea
804 1029 837 1086 iu
851 1029 930 1089 retia
945 1029 1065 1110 volpem

396 1112 619 1190 Mordebitque
632 1117 703 1170 tuos
718 1110 842 1171 sordida
855 1112 971 1192 praeda
985 1122 1091 1174 canes:

313 1196 424 1262 15Illic
438 1199 559 1276 piscoso
574 1194 663 1254 modo
678 1195 728 1254 vix
747 1195 857 1255 educta
871 1197 1025 1276 profundo

397 1279 571 1360 Impedient
583 1279 709 1358 lepores
723 1279 848 1338 humida
861 1280 924 1340 lina
939 1300 1033 1346 meos.
1048 1313 1092 1330 ·-

355 1367 438 1427 Duru
449 1364 576 1443 loquor,
598 1380 671 1422 ecce
686 1360 770 1422 redit
786 1370 892 1443 sporta
904 1366 1040 1446 piscator
1053 1367 1154 1446 inani,

398 1450 538 1511 Venator
554 1454 641 1526 capta
655 1444 753 1505 maele
769 1450 919 1526 superbuo
933 1448 1036 1510 adest:

357 1533 465 1593 Omnia
481 1533 518 1591 ab
531 1531 648 1590 urbano
664 1532 750 1590 venit
764 1530 801 1590 ad
816 1551 900 1592 mare
916 1552 992 1593 cena
1005 1532 1145 1597 macello.

314 1627 350 1680 20
398 1615 565 1677 Callaicum
578 1614 702 1675 mandas
717 1611 820 1693 anuid
835 1615 873 1675 ad
889 1618 1068 1680 Oceanum?

713 1729 877 1793 XXXVIII.

359 1813 386 1874 0
401 1811 513 1873 molles
527 1813 584 1874 tibi
599 1811 791 1893 quindecim,
815 1814 947 1896 Calene,

360 1898 444 1974 Quos
460 1917 527 1958 cnm
543 1896 679 1981 Sulpicia
692 1903 745 1958 tua
759 1897 876 1976 iugales

359 1979 493 2042 Indulsit
507 1981 584 2041 deus
598 1988 631 2040 et
647 1983 770 2060 peregit
784 1983 893 2043 annos!

358 2065 385 2126 0
401 2085 461 2125 nox
475 2068 572 2125 omnia
588 2066 727 2143 ethera,
750 2083 828 2143 quae
842 2071 947 2127 notata
961 2073 1010 2128 est
1130 2064 1134 2070 ¹

336 2151 450 2212 §CarIs
464 2147 566 2210 litoris
581 2147 678 2209 Indici
692 2146 823 2228 lapillis!

361 2237 388 2294 Ο
405 2253 483 2313 quae
497 2232 631 2314 praelia,
654 2252 728 2311 quas
742 2235 888 2310 utrinque
901 2251 1018 2315 pugnas

358 2316 450 2379 Felix
466 2316 599 2379 lectulus
615 2323 648 2376 et
661 2315 789 2377 lucerna
802 2316 880 2377 vidit

358 2403 477 2464 Nimbis
493 2403 579 2461 ebria
592 2401 812 2462 Nicerotianis!

358 2487 473 2548 Vixisti
487 2487 602 2562 tribua,
626 2485 794 2564 neolone,
814 2482 931 2548 luntris.

317 2571 452 2634 10Aetaa
466 2571 543 2629 haec
558 2570 616 2630 tibi
628 2576 693 2629 tota
707 2576 901 2650 computatur

358 2656 400 2716 Et
414 2653 498 2715 ocios
511 2672 653 2713 numeras
667 2653 734 2715 dies
748 2655 861 2717 mariti

358 2741 406 2800 En
419 2738 481 2799 Illis
497 2739 553 2798 tibi
569 2740 596 2797 ai
611 2736 664 2797 diu
678 2744 814 2817 rogatam

359 2824 474 2884 Lucem
488 2822 640 2882 redderet
653 2824 790 2903 Atropos
804 2819 855 2882 vel
868 2841 974 2900 unam,

359 2906 491 2987 Malles,
513 2926 601 2987 quarn
615 2905 732 2986 Pyliam
748 2912 858 2987 quater
871 2912 1035 2967 senectam.

363 3103 498 3166 Consule
513 3110 545 3163 te
560 3105 655 3163 Bruto
675 3102 757 3182 quod
771 3104 872 3180 iuras,
892 3099 1020 3179 Lesbia,
1040 3106 1157 3175 natam,

403 3189 559 3252 Mentiris.
588 3187 667 3247 Nata
680 3206 730 3265 es,
751 3185 880 3262 Lesbia,
902 3202 978 3262 rege
991 3184 1110 3244 Numa?

362 3273 413 3333 Sic
429 3292 550 3352 qnoque
565 3272 715 3332 mentiris.
752 3271 907 3348 Namque,
927 3274 963 3328 nt
976 3273 1027 3328 tna
1041 3263 1164 3329 saecula
1178 3270 1314 3344 narrant,

403 3359 493 3418 Ficta
509 3356 697 3417 Prometheo
713 3354 827 3415 diceris
843 3371 911 3413 ense
924 3349 1003 3412 luto.

769 3453 833 3514 XL.

357 3540 493 3622 -Semper
510 3559 577 3601 cum
591 3539 666 3598 mihi
679 3537 837 3601 diceretur
852 3554 921 3597 ease

366 3626 495 3685 Secreto
512 3643 580 3684 mea
594 3621 680 3683 Polla
695 3640 763 3682 cum
777 3619 923 3698 cinaedo,

363 3709 480 3790 hropi,
501 3707 598 3789 Lupe.
628 3707 696 3768 Non
710 3711 778 3768 erat
791 3701 947 3769 cinaedus.
1093 3748 1096 3753 .
1161 3692 1373 3890 ‘a'
