3267 4409
327 549 370 612 94
635 549 690 611 Μ.
704 548 797 612 VAL.
814 548 1041 611 MARTIALIS

411 706 497 766 Haec
511 705 596 784 iuga,
618 723 707 782 quarn
721 702 822 781 Nysae
838 701 934 762 colles
948 701 1017 783 plus
1031 703 1170 764 Bacchus
1185 706 1311 785 amavit,

452 791 521 849 Hoc
536 806 635 868 nuper
653 787 757 865 Satyri
771 793 876 846 moute
890 785 1008 847 dedere
1024 788 1146 850 choros.

388 874 499 941 5Haec
513 872 647 936 Veneris
661 870 769 948 sedes,
790 869 1022 930 Lacedaemone
1037 871 1154 950 gratior
1169 869 1234 951 illi,

452 958 513 1017 Hic
526 956 613 1017 locus
626 953 784 1021 Herculeo
798 955 923 1014 numine
936 953 1129 1016 clarus'erat.

412 1043 529 1102 Cuncta
542 1043 645 1101 iacent
658 1039 787 1098 flammis
802 1046 835 1097 et
850 1040 934 1098 tristi
948 1057 1050 1098 mersa
1063 1035 1181 1099 favilla:

451 1126 517 1186 Nec
531 1124 637 1206 superi
652 1121 770 1184 vellent
784 1123 844 1182 hoc
858 1122 984 1182 licuisse
999 1123 1067 1185 sibi.

801 1256 896 1318 XLV.

410 1373 497 1431 Haec
513 1372 571 1432 tibi
584 1392 642 1452 pro
656 1375 728 1430 nato
746 1368 839 1449 plena
854 1368 906 1430 dat
919 1367 1020 1430 laetus
1035 1389 1158 1450 acerra,

453 1455 594 1533 Phoebe,
615 1453 773 1514 Palatinus
790 1473 918 1514 munera
932 1455 1134 1539 Parthenius,
1152 1480 1157 1485 ·

411 1539 454 1599 Ut
468 1541 520 1617 qui
534 1541 633 1619 prima
647 1558 724 1598 noro
737 1539 839 1616 signat
856 1539 1063 1617 quinquennia
1078 1538 1196 1618 lustro,

452 1622 581 1703 Impleat
594 1626 770 1682 innumeras
785 1624 901 1682 Burrus
917 1621 1121 1703 Olympiadas.

389 1706 475 1768 5Fac
491 1715 556 1766 rata
571 1715 641 1767 vota
655 1707 768 1786 patris:
790 1708 834 1765 sic
849 1713 881 1767 te
899 1713 952 1766 tua
966 1706 1074 1785 diligat
1089 1708 1182 1767 arbor

453 1791 592 1850 Gaudeat
607 1798 640 1850 et
655 1796 740 1850 certa
753 1791 930 1868 virginitate
944 1811 1049 1851 soror:
1078 1844 1082 1853 ,

410 1874 566 1955 Perpetuo
582 1877 626 1935 sic
640 1876 717 1934 llore
732 1875 844 1952 mices,
864 1877 908 1934 sic
925 1874 1059 1955 denique
1073 1893 1136 1934 nou
1151 1875 1216 1934 sint

454 1959 532 2019 Tam
545 1959 655 2038 longae
670 1959 810 2036 Bromio,
835 1979 924 2037 quam
939 1961 1013 2038 tibi,
1034 1959 1179 2037 Phoebe,
1203 1976 1313 2019 comae.

791 2105 898 2168 XLVI.

413 2219 586 2280 Saturnalia
600 2218 725 2281 divitem
741 2219 898 2279 Sabellum

410 2303 582 2364 Fecerunt:
601 2306 712 2365 merito
729 2310 828 2363 tumet
842 2302 999 2380 Sabellus,

373 2401 384 2421 ’
411 2386 476 2446 Nec
492 2407 661 2466 quenquam
680 2395 768 2466 putat
787 2406 855 2447 esse
870 2387 1090 2468 praedicatque

411 2471 496 2530 luter
511 2466 679 2531 causidicos
694 2472 872 2531 beatiorem.

389 2555 479 2615 5Hos
494 2555 591 2615 fastus
604 2557 781 2633 animosque
798 2554 851 2614 dat
868 2554 992 2616 Sabello

413 2639 519 2698 Farris
534 2638 688 2699 semodius
703 2639 854 2717 fabaeque
868 2639 988 2718 fresae,

414 2723 456 2783 Et
469 2723 548 2782 turis
562 2723 742 2803 piperisque
758 2731 825 2783 tres
842 2723 995 2802 selibrae,

411 2809 453 2869 Et
468 2808 618 2867 Lucanica
631 2815 741 2868 ventre
756 2829 824 2869 cnm
837 2807 977 2889 Falisco,

412 2892 453 2951 Et
468 2893 549 2969 nigri
565 2892 643 2970 Syra
657 2891 772 2952 defruti
788 2891 916 2973 lagona,

298 2973 311 2991 “
370 2976 451 3039 10Et
467 2976 544 3035 ficus
558 2976 675 3055 Libyca
690 2976 790 3054 gelata
806 2984 887 3037 testa

412 3061 488 3120 Cum
502 3059 605 3120 bulbis
620 3059 817 3141 cochleisque
833 3080 993 3142 easeoque.

410 3145 526 3206 Piceno
545 3163 667 3225 quoque
682 3147 767 3205 veuit
781 3167 799 3205 a
813 3145 928 3206 cliente

410 3230 527 3290 Parcae
542 3228 652 3289 cistula
665 3248 728 3289 nou
742 3251 836 3310 capax
850 3230 966 3308 olivae,

410 3313 453 3374 Et
467 3332 569 3375 crasso
583 3312 671 3392 figuli
685 3312 783 3394 polita
797 3313 885 3374 caclo

370 3407 402 3457 15
410 3396 592 3476 Septenaria
607 3400 762 3477 synthesis
778 3397 922 3476 Sagunti,

410 3481 567 3560 Hispanae
580 3480 698 3543 luteum
713 3487 800 3541 rotae
814 3488 954 3541 toreuma

409 3565 451 3625 Et
463 3563 525 3623 lato
541 3567 655 3625 variata
669 3585 777 3644 mappa
792 3564 886 3628 clavo.

411 3648 584 3708 Saturnalia
596 3649 803 3708 fructuosiora

412 3731 509 3791 Annis
522 3751 584 3791 uon
599 3734 706 3793 habuit
721 3731 829 3815 decem
843 3728 995 3794 Sabellus.
