<?xml version="1.0" encoding="UTF-8"?>
<!DOCTYPE html PUBLIC "-//W3C//DTD XHTML 1.0 Transitional//EN"
    "http://www.w3.org/TR/xhtml1/DTD/xhtml1-transitional.dtd">
<html xmlns="http://www.w3.org/1999/xhtml" xml:lang="en" lang="en">
 <head>
  <title>
</title>
<meta http-equiv="Content-Type" content="text/html;charset=utf-8" />
  <meta name='ocr-system' content='tesseract 3.04.00' />
  <meta name='ocr-capabilities' content='ocr_page ocr_carea ocr_par ocr_line ocrx_word'/>
</head>
<body>
  <div class='ocr_page' id='page_1' title='image "./mvalmartialisep00martgoog_0497.png"; bbox 0 0 3267 4409; ppageno 0'>
   <div class='ocr_carea' id='block_1_1' title="bbox 333 458 994 520">
    <p class='ocr_par' dir='ltr' id='par_1_1' title="bbox 333 458 994 520">
     <span class='ocr_line' id='line_1_1' title="bbox 333 458 994 520; baseline 0 0"><span class='ocrx_word' id='word_1_1' title='bbox 333 458 372 520; x_wconf 83' lang='lat'>52</span> <span class='ocrx_word' id='word_1_2' title='bbox 657 472 692 519; x_wconf 87' lang='lat' dir='ltr'>n.</span> <span class='ocrx_word' id='word_1_3' title='bbox 714 471 785 520; x_wconf 85' lang='lat' dir='ltr'>mn.</span> <span class='ocrx_word' id='word_1_4' title='bbox 807 470 994 520; x_wconf 76' lang='lat' dir='ltr'>monadum</span> 
     </span>
    </p>
   </div>
   <div class='ocr_carea' id='block_1_2' title="bbox 329 607 1324 1446">
    <p class='ocr_par' dir='ltr' id='par_1_2' title="bbox 331 607 1322 942">
     <span class='ocr_line' id='line_1_2' title="bbox 374 607 1322 689; baseline 0.003 -19"><span class='ocrx_word' id='word_1_5' title='bbox 374 611 446 686; x_wconf 82' lang='lat' dir='ltr'>Quis</span> <span class='ocrx_word' id='word_1_6' title='bbox 467 611 578 688; x_wconf 85' lang='lat' dir='ltr'>gremio</span> <span class='ocrx_word' id='word_1_7' title='bbox 598 607 699 672; x_wconf 77' lang='lat' dir='ltr'>Celadi</span> <span class='ocrx_word' id='word_1_8' title='bbox 721 610 858 689; x_wconf 88' lang='lat' dir='ltr'>doctique</span> <span class='ocrx_word' id='word_1_9' title='bbox 880 611 1063 672; x_wconf 78' lang='lat' dir='ltr'><strong>Palaemonis</strong></span> <span class='ocrx_word' id='word_1_10' title='bbox 1084 611 1181 689; x_wconf 76' lang='lat' dir='ltr'>aliem,</span> <span class='ocrx_word' id='word_1_11' title='bbox 1268 626 1322 681; x_wconf 75' lang='lat'>215</span> 
     </span>
     <span class='ocr_line' id='line_1_3' title="bbox 333 692 1249 773; baseline 0.003 -17"><span class='ocrx_word' id='word_1_12' title='bbox 333 695 474 770; x_wconf 82' lang='lat' dir='ltr'>Quantum</span> <span class='ocrx_word' id='word_1_13' title='bbox 494 696 695 772; x_wconf 80' lang='lat' dir='ltr'>grammaticus</span> <span class='ocrx_word' id='word_1_14' title='bbox 717 697 820 773; x_wconf 87' lang='lat' dir='ltr'>meruit</span> <span class='ocrx_word' id='word_1_15' title='bbox 836 692 943 755; x_wconf 84' lang='lat' dir='ltr'><strong>labori</strong></span> <span class='ocrx_word' id='word_1_16' title='bbox 961 704 991 755; x_wconf 90' lang='lat' dir='ltr'>et</span> <span class='ocrx_word' id='word_1_17' title='bbox 1008 704 1106 755; x_wconf 87' lang='lat' dir='ltr'>tamen</span> <span class='ocrx_word' id='word_1_18' title='bbox 1127 713 1167 756; x_wconf 83' lang='lat' dir='ltr'>ex</span> <span class='ocrx_word' id='word_1_19' title='bbox 1187 697 1249 759; x_wconf 91' lang='lat' dir='ltr'>boc</span> 
     </span>
     <span class='ocr_line' id='line_1_4' title="bbox 332 777 1287 865; baseline 0.005 -25"><span class='ocrx_word' id='word_1_20' title='bbox 332 779 541 857; x_wconf 82' lang='lat' dir='ltr'>Quodcumque</span> <span class='ocrx_word' id='word_1_21' title='bbox 564 787 610 839; x_wconf 86' lang='lat' dir='ltr'>est</span> <span class='ocrx_word' id='word_1_22' title='bbox 631 779 739 857; x_wconf 94' lang='lat' dir='ltr'>(minus</span> <span class='ocrx_word' id='word_1_23' title='bbox 761 788 807 839; x_wconf 93' lang='lat' dir='ltr'>est</span> <span class='ocrx_word' id='word_1_24' title='bbox 826 789 920 839; x_wconf 89' lang='lat' dir='ltr'>autern</span> <span class='ocrx_word' id='word_1_25' title='bbox 942 798 1026 858; x_wconf 91' lang='lat' dir='ltr'>quam</span> <span class='ocrx_word' id='word_1_26' title='bbox 1046 777 1175 841; x_wconf 88' lang='lat' dir='ltr'><strong>rhetoris</strong></span> <span class='ocrx_word' id='word_1_27' title='bbox 1197 786 1287 865; x_wconf 84' lang='lat' dir='ltr'><strong>acra)</strong></span> 
     </span>
     <span class='ocr_line' id='line_1_5' title="bbox 331 854 1054 942; baseline 0 -19"><span class='ocrx_word' id='word_1_28' title='bbox 331 854 473 942; x_wconf 84' lang='lat' dir='ltr'>Discipuli</span> <span class='ocrx_word' id='word_1_29' title='bbox 497 871 595 924; x_wconf 87' lang='lat' dir='ltr'>custos</span> <span class='ocrx_word' id='word_1_30' title='bbox 614 864 800 942; x_wconf 76' lang='lat' dir='ltr'>praemordet</span> <span class='ocrx_word' id='word_1_31' title='bbox 821 874 1054 933; x_wconf 88' lang='lat' dir='ltr'>acoenonoetns;</span> 
     </span>
    </p>

    <p class='ocr_par' dir='ltr' id='par_1_3' title="bbox 331 946 1187 1027">
     <span class='ocr_line' id='line_1_6' title="bbox 331 946 1187 1027; baseline -0.001 -19"><span class='ocrx_word' id='word_1_32' title='bbox 331 946 370 1008; x_wconf 86' lang='lat' dir='ltr'>Et</span> <span class='ocrx_word' id='word_1_33' title='bbox 391 949 438 1027; x_wconf 94' lang='lat' dir='ltr'>qui</span> <span class='ocrx_word' id='word_1_34' title='bbox 456 947 620 1026; x_wconf 82' lang='lat' dir='ltr'>dispensat,</span> <span class='ocrx_word' id='word_1_35' title='bbox 642 947 756 1025; x_wconf 80' lang='lat' dir='ltr'>frangat</span> <span class='ocrx_word' id='word_1_36' title='bbox 778 947 844 1007; x_wconf 85' lang='lat' dir='ltr'>sibi.</span> <span class='ocrx_word' id='word_1_37' title='bbox 884 946 982 1024; x_wconf 86' lang='lat' dir='ltr'>Gede,</span> <span class='ocrx_word' id='word_1_38' title='bbox 1004 947 1187 1025; x_wconf 78' lang='lat' dir='ltr'>Palaemon,-</span> 
     </span>
    </p>

    <p class='ocr_par' dir='ltr' id='par_1_4' title="bbox 330 1030 1324 1193">
     <span class='ocr_line' id='line_1_7' title="bbox 330 1030 1324 1112; baseline 0.003 -21"><span class='ocrx_word' id='word_1_39' title='bbox 330 1030 368 1092; x_wconf 85' lang='lat' dir='ltr'>llt</span> <span class='ocrx_word' id='word_1_40' title='bbox 388 1040 490 1111; x_wconf 85' lang='lat' dir='ltr'>patere</span> <span class='ocrx_word' id='word_1_41' title='bbox 511 1031 576 1092; x_wconf 92' lang='lat' dir='ltr'>inde</span> <span class='ocrx_word' id='word_1_42' title='bbox 597 1031 703 1109; x_wconf 92' lang='lat' dir='ltr'>aliquid</span> <span class='ocrx_word' id='word_1_43' title='bbox 728 1032 922 1109; x_wconf 81' lang='lat' dir='ltr'><strong>decrescere,</strong></span> <span class='ocrx_word' id='word_1_44' title='bbox 945 1049 1004 1092; x_wconf 90' lang='lat' dir='ltr'>non</span> <span class='ocrx_word' id='word_1_45' title='bbox 1020 1032 1106 1093; x_wconf 87' lang='lat' dir='ltr'>aliter</span> <span class='ocrx_word' id='word_1_46' title='bbox 1126 1050 1217 1112; x_wconf 89' lang='lat' dir='ltr'>qnam</span> <span class='ocrx_word' id='word_1_47' title='bbox 1271 1044 1324 1102; x_wconf 75' lang='lat'>220</span> 
     </span>
     <span class='ocr_line' id='line_1_8' title="bbox 330 1114 1046 1193; baseline -0.003 -17"><span class='ocrx_word' id='word_1_48' title='bbox 330 1114 447 1176; x_wconf 89' lang='lat' dir='ltr'>institor</span> <span class='ocrx_word' id='word_1_49' title='bbox 467 1114 604 1177; x_wconf 80' lang='lat' dir='ltr'>hibernae</span> <span class='ocrx_word' id='word_1_50' title='bbox 627 1117 734 1192; x_wconf 86' lang='lat' dir='ltr'>tegetis</span> <span class='ocrx_word' id='word_1_51' title='bbox 755 1116 891 1193; x_wconf 85' lang='lat' dir='ltr'>niveique</span> <span class='ocrx_word' id='word_1_52' title='bbox 913 1116 1046 1185; x_wconf 89' lang='lat' dir='ltr'><strong>cadurci;</strong></span> 
     </span>
    </p>

    <p class='ocr_par' dir='ltr' id='par_1_5' title="bbox 329 1199 1218 1365">
     <span class='ocr_line' id='line_1_9' title="bbox 329 1199 1218 1279; baseline 0.001 -17"><span class='ocrx_word' id='word_1_53' title='bbox 329 1199 491 1262; x_wconf 87' lang='lat' dir='ltr'>Dummodo</span> <span class='ocrx_word' id='word_1_54' title='bbox 514 1217 571 1260; x_wconf 93' lang='lat' dir='ltr'>non</span> <span class='ocrx_word' id='word_1_55' title='bbox 592 1207 710 1278; x_wconf 89' lang='lat' dir='ltr'>pereat,</span> <span class='ocrx_word' id='word_1_56' title='bbox 733 1200 846 1260; x_wconf 90' lang='lat' dir='ltr'>mediae</span> <span class='ocrx_word' id='word_1_57' title='bbox 867 1200 945 1279; x_wconf 91' lang='lat' dir='ltr'>quod</span> <span class='ocrx_word' id='word_1_58' title='bbox 966 1200 1061 1260; x_wconf 85' lang='lat' dir='ltr'>noctis</span> <span class='ocrx_word' id='word_1_59' title='bbox 1082 1199 1119 1259; x_wconf 88' lang='lat' dir='ltr'>ab</span> <span class='ocrx_word' id='word_1_60' title='bbox 1142 1199 1218 1263; x_wconf 80' lang='lat' dir='ltr'><strong>bora</strong></span> 
     </span>
     <span class='ocr_line' id='line_1_10' title="bbox 331 1282 1102 1365; baseline -0.003 -19"><span class='ocrx_word' id='word_1_61' title='bbox 331 1284 454 1359; x_wconf 87' lang='lat' dir='ltr'>Sedisti‚</span> <span class='ocrx_word' id='word_1_62' title='bbox 475 1301 531 1365; x_wconf 82' lang='lat' dir='ltr'>qua</span> <span class='ocrx_word' id='word_1_63' title='bbox 554 1300 639 1342; x_wconf 89' lang='lat' dir='ltr'>uerno</span> <span class='ocrx_word' id='word_1_64' title='bbox 661 1283 760 1360; x_wconf 83' lang='lat' dir='ltr'><strong>faber,</strong></span> <span class='ocrx_word' id='word_1_65' title='bbox 783 1301 840 1362; x_wconf 90' lang='lat' dir='ltr'>qua</span> <span class='ocrx_word' id='word_1_66' title='bbox 862 1301 947 1343; x_wconf 90' lang='lat' dir='ltr'>nemo</span> <span class='ocrx_word' id='word_1_67' title='bbox 966 1282 1102 1361; x_wconf 87' lang='lat' dir='ltr'>sederet,</span> 
     </span>
    </p>

    <p class='ocr_par' dir='ltr' id='par_1_6' title="bbox 331 1366 1038 1446">
     <span class='ocr_line' id='line_1_11' title="bbox 331 1366 1038 1446; baseline 0 -19"><span class='ocrx_word' id='word_1_68' title='bbox 331 1368 387 1443; x_wconf 82' lang='lat' dir='ltr'>Qui</span> <span class='ocrx_word' id='word_1_69' title='bbox 409 1367 496 1428; x_wconf 89' lang='lat' dir='ltr'>docet</span> <span class='ocrx_word' id='word_1_70' title='bbox 517 1366 636 1446; x_wconf 92' lang='lat' dir='ltr'>obliquo</span> <span class='ocrx_word' id='word_1_71' title='bbox 659 1367 752 1429; x_wconf 90' lang='lat' dir='ltr'>lanam</span> <span class='ocrx_word' id='word_1_72' title='bbox 773 1366 921 1428; x_wconf 82' lang='lat' dir='ltr'>deducere</span> <span class='ocrx_word' id='word_1_73' title='bbox 940 1367 1038 1436; x_wconf 85' lang='lat' dir='ltr'><strong>ierro;</strong></span> 
     </span>
    </p>
   </div>
   <div class='ocr_carea' id='block_1_3' title="bbox 330 1449 1377 1532">
    <p class='ocr_par' dir='ltr' id='par_1_7' title="bbox 330 1449 1377 1532">
     <span class='ocr_line' id='line_1_12' title="bbox 330 1449 1377 1532; baseline 0.005 -20"><span class='ocrx_word' id='word_1_74' title='bbox 330 1451 491 1513; x_wconf 88' lang='lat' dir='ltr'>Dummodo</span> <span class='ocrx_word' id='word_1_75' title='bbox 513 1469 571 1512; x_wconf 90' lang='lat' dir='ltr'>non</span> <span class='ocrx_word' id='word_1_76' title='bbox 593 1461 712 1530; x_wconf 85' lang='lat' dir='ltr'>pereat,</span> <span class='ocrx_word' id='word_1_77' title='bbox 732 1451 854 1513; x_wconf 88' lang='lat' dir='ltr'>totidem</span> <span class='ocrx_word' id='word_1_78' title='bbox 871 1452 1012 1513; x_wconf 80' lang='lat' dir='ltr'>olfecisse</span> <span class='ocrx_word' id='word_1_79' title='bbox 1034 1449 1189 1532; x_wconf 81' lang='lat' dir='ltr'>lucernas,</span> <span class='ocrx_word' id='word_1_80' title='bbox 1270 1466 1321 1522; x_wconf 59' lang='grc' dir='ltr'>ω</span> <span class='ocrx_word' id='word_1_81' title='bbox 1370 1486 1377 1527; x_wconf 56' lang='lat'>5</span> 
     </span>
    </p>
   </div>
   <div class='ocr_carea' id='block_1_4' title="bbox 329 1533 1111 1782">
    <p class='ocr_par' dir='ltr' id='par_1_8' title="bbox 329 1533 1111 1782">
     <span class='ocr_line' id='line_1_13' title="bbox 331 1533 1111 1614; baseline 0.003 -20"><span class='ocrx_word' id='word_1_82' title='bbox 331 1534 410 1609; x_wconf 82' lang='lat' dir='ltr'>Quot</span> <span class='ocrx_word' id='word_1_83' title='bbox 429 1533 544 1596; x_wconf 90' lang='lat' dir='ltr'>stabant</span> <span class='ocrx_word' id='word_1_84' title='bbox 563 1536 659 1614; x_wconf 86' lang='lat' dir='ltr'>pueri,</span> <span class='ocrx_word' id='word_1_85' title='bbox 680 1552 765 1613; x_wconf 89' lang='lat' dir='ltr'>qnurn</span> <span class='ocrx_word' id='word_1_86' title='bbox 786 1544 864 1597; x_wconf 87' lang='lat' dir='ltr'>totus</span> <span class='ocrx_word' id='word_1_87' title='bbox 884 1536 1008 1598; x_wconf 90' lang='lat' dir='ltr'>decolor</span> <span class='ocrx_word' id='word_1_88' title='bbox 1029 1544 1111 1597; x_wconf 83' lang='lat' dir='ltr'>essct</span> 
     </span>
     <span class='ocr_line' id='line_1_14' title="bbox 329 1617 1078 1699; baseline 0.003 -21"><span class='ocrx_word' id='word_1_89' title='bbox 329 1617 453 1679; x_wconf 85' lang='lat' dir='ltr'>Flaccus</span> <span class='ocrx_word' id='word_1_90' title='bbox 473 1628 502 1677; x_wconf 90' lang='lat' dir='ltr'>et</span> <span class='ocrx_word' id='word_1_91' title='bbox 522 1618 658 1679; x_wconf 81' lang='lat' dir='ltr'><strong>haereret</strong></span> <span class='ocrx_word' id='word_1_92' title='bbox 679 1621 767 1699; x_wconf 72' lang='lat' dir='ltr'>nigro¹</span> <span class='ocrx_word' id='word_1_93' title='bbox 780 1620 872 1697; x_wconf 77' lang='lat' dir='ltr'>iuligo</span> <span class='ocrx_word' id='word_1_94' title='bbox 892 1618 1014 1681; x_wconf 84' lang='lat' dir='ltr'>llaroni.</span> <span class='ocrx_word' id='word_1_95' title='bbox 1075 1647 1078 1652; x_wconf 95' lang='lat'>·</span> 
     </span>
     <span class='ocr_line' id='line_1_15' title="bbox 330 1701 1091 1782; baseline -0.001 -19"><span class='ocrx_word' id='word_1_96' title='bbox 330 1701 407 1763; x_wconf 86' lang='lat' dir='ltr'>llara</span> <span class='ocrx_word' id='word_1_97' title='bbox 430 1710 524 1762; x_wconf 91' lang='lat' dir='ltr'>tamen</span> <span class='ocrx_word' id='word_1_98' title='bbox 544 1719 675 1779; x_wconf 87' lang='lat' dir='ltr'><strong>merces,</strong></span> <span class='ocrx_word' id='word_1_99' title='bbox 698 1721 773 1782; x_wconf 87' lang='lat' dir='ltr'>qnae</span> <span class='ocrx_word' id='word_1_100' title='bbox 796 1705 962 1782; x_wconf 77' lang='lat' dir='ltr'>cognitione</span> <span class='ocrx_word' id='word_1_101' title='bbox 984 1703 1091 1765; x_wconf 91' lang='lat' dir='ltr'>tribuni</span> 
     </span>
    </p>
   </div>
   <div class='ocr_carea' id='block_1_5' title="bbox 243 1785 1095 1867">
    <p class='ocr_par' dir='ltr' id='par_1_9' title="bbox 243 1785 1095 1867">
     <span class='ocr_line' id='line_1_16' title="bbox 243 1785 1095 1867; baseline 0 -20"><span class='ocrx_word' id='word_1_102' title='bbox 243 1790 245 1795; x_wconf 87' lang='lat'>&#39;</span> <span class='ocrx_word' id='word_1_103' title='bbox 330 1785 395 1847; x_wconf 88' lang='lat' dir='ltr'>Non</span> <span class='ocrx_word' id='word_1_104' title='bbox 418 1794 514 1864; x_wconf 78' lang='lat' dir='ltr'>egeat.</span> <span class='ocrx_word' id='word_1_105' title='bbox 558 1787 617 1847; x_wconf 91' lang='lat' dir='ltr'>Sed</span> <span class='ocrx_word' id='word_1_106' title='bbox 637 1804 692 1847; x_wconf 86' lang='lat' dir='ltr'>vos</span> <span class='ocrx_word' id='word_1_107' title='bbox 713 1805 817 1848; x_wconf 86' lang='lat' dir='ltr'><strong>saevas</strong></span> <span class='ocrx_word' id='word_1_108' title='bbox 839 1790 977 1867; x_wconf 88' lang='lat' dir='ltr'>imponite</span> <span class='ocrx_word' id='word_1_109' title='bbox 998 1788 1095 1866; x_wconf 81' lang='lat' dir='ltr'>leges,</span> 
     </span>
    </p>
   </div>
   <div class='ocr_carea' id='block_1_6' title="bbox 307 1870 1320 2288">
    <p class='ocr_par' dir='ltr' id='par_1_10' title="bbox 330 1870 1320 2033">
     <span class='ocr_line' id='line_1_17' title="bbox 330 1870 1320 1951; baseline 0.003 -21"><span class='ocrx_word' id='word_1_110' title='bbox 330 1870 368 1931; x_wconf 86' lang='lat' dir='ltr'>Ut</span> <span class='ocrx_word' id='word_1_111' title='bbox 389 1872 576 1950; x_wconf 79' lang='lat' dir='ltr'>praeceptori</span> <span class='ocrx_word' id='word_1_112' title='bbox 597 1870 752 1951; x_wconf 87' lang='lat' dir='ltr'>verborum</span> <span class='ocrx_word' id='word_1_113' title='bbox 773 1872 876 1950; x_wconf 78' lang='lat' dir='ltr'>regula</span> <span class='ocrx_word' id='word_1_114' title='bbox 897 1881 1020 1949; x_wconf 81' lang='lat' dir='ltr'>constet,</span> <span class='ocrx_word' id='word_1_115' title='bbox 1270 1884 1320 1943; x_wconf 61' lang='grc' dir='ltr'>ιω</span> 
     </span>
     <span class='ocr_line' id='line_1_18' title="bbox 330 1954 1059 2033; baseline 0 -18"><span class='ocrx_word' id='word_1_116' title='bbox 330 1954 369 2015; x_wconf 82' lang='lat' dir='ltr'>iu</span> <span class='ocrx_word' id='word_1_117' title='bbox 389 1955 470 2033; x_wconf 82' lang='lat' dir='ltr'>legat</span> <span class='ocrx_word' id='word_1_118' title='bbox 490 1954 641 2032; x_wconf 85' lang='lat' dir='ltr'>historias,</span> <span class='ocrx_word' id='word_1_119' title='bbox 663 1964 799 2016; x_wconf 88' lang='lat' dir='ltr'>auctores</span> <span class='ocrx_word' id='word_1_120' title='bbox 822 1958 936 2017; x_wconf 90' lang='lat' dir='ltr'>noverit</span> <span class='ocrx_word' id='word_1_121' title='bbox 958 1971 1059 2016; x_wconf 88' lang='lat' dir='ltr'>omnes</span> 
     </span>
    </p>

    <p class='ocr_par' dir='ltr' id='par_1_11' title="bbox 331 2038 1223 2121">
     <span class='ocr_line' id='line_1_19' title="bbox 331 2038 1223 2121; baseline 0.004 -22"><span class='ocrx_word' id='word_1_122' title='bbox 331 2038 486 2118; x_wconf 79' lang='lat' dir='ltr'>Tamquam</span> <span class='ocrx_word' id='word_1_123' title='bbox 507 2058 620 2117; x_wconf 82' lang='lat' dir='ltr'>ungnes</span> <span class='ocrx_word' id='word_1_124' title='bbox 643 2039 809 2119; x_wconf 87' lang='lat' dir='ltr'>digitosque</span> <span class='ocrx_word' id='word_1_125' title='bbox 830 2058 915 2111; x_wconf 86' lang='lat' dir='ltr'>suos;</span> <span class='ocrx_word' id='word_1_126' title='bbox 938 2050 968 2101; x_wconf 94' lang='lat' dir='ltr'>ut</span> <span class='ocrx_word' id='word_1_127' title='bbox 985 2040 1063 2101; x_wconf 80' lang='lat' dir='ltr'>forte</span> <span class='ocrx_word' id='word_1_128' title='bbox 1084 2048 1223 2121; x_wconf 77' lang='lat' dir='ltr'>rogatus,</span> 
     </span>
    </p>

    <p class='ocr_par' dir='ltr' id='par_1_12' title="bbox 307 2124 1160 2288">
     <span class='ocr_line' id='line_1_20' title="bbox 331 2124 1158 2202; baseline 0 -18"><span class='ocrx_word' id='word_1_129' title='bbox 331 2124 405 2184; x_wconf 91' lang='lat' dir='ltr'>Dum</span> <span class='ocrx_word' id='word_1_130' title='bbox 426 2124 499 2202; x_wconf 89' lang='lat' dir='ltr'>petit</span> <span class='ocrx_word' id='word_1_131' title='bbox 519 2133 567 2183; x_wconf 92' lang='lat' dir='ltr'>ant</span> <span class='ocrx_word' id='word_1_132' title='bbox 586 2124 712 2185; x_wconf 87' lang='lat' dir='ltr'><strong>thermas</strong></span> <span class='ocrx_word' id='word_1_133' title='bbox 734 2133 782 2184; x_wconf 87' lang='lat' dir='ltr'>aut</span> <span class='ocrx_word' id='word_1_134' title='bbox 804 2124 915 2185; x_wconf 88' lang='lat' dir='ltr'>Phoebi</span> <span class='ocrx_word' id='word_1_135' title='bbox 936 2124 1057 2201; x_wconf 81' lang='lat' dir='ltr'>balnea,</span> <span class='ocrx_word' id='word_1_136' title='bbox 1079 2124 1158 2185; x_wconf 89' lang='lat' dir='ltr'>dicat</span> 
     </span>
     <span class='ocr_line' id='line_1_21' title="bbox 307 2206 1160 2288; baseline 0.002 -21"><span class='ocrx_word' id='word_1_137' title='bbox 307 2206 479 2268; x_wconf 75' lang='lat' dir='ltr'>&#39;Nutricem</span> <span class='ocrx_word' id='word_1_138' title='bbox 499 2206 663 2284; x_wconf 78' lang='lat' dir='ltr'><strong>Anchisae,</strong></span> <span class='ocrx_word' id='word_1_139' title='bbox 685 2226 790 2269; x_wconf 91' lang='lat' dir='ltr'>nornen</span> <span class='ocrx_word' id='word_1_140' title='bbox 810 2211 990 2288; x_wconf 86' lang='lat' dir='ltr'>patriamque</span> <span class='ocrx_word' id='word_1_141' title='bbox 1012 2224 1160 2269; x_wconf 83' lang='lat' dir='ltr'>novercae</span> 
     </span>
    </p>
   </div>
   <div class='ocr_carea' id='block_1_7' title="bbox 331 2291 1381 2409">
    <p class='ocr_par' dir='ltr' id='par_1_13' title="bbox 331 2291 1381 2409">
     <span class='ocr_line' id='line_1_22' title="bbox 331 2291 1381 2409; baseline 0.002 -58"><span class='ocrx_word' id='word_1_142' title='bbox 331 2291 517 2359; x_wconf 77' lang='lat' dir='ltr'>Anchemoli;</span> <span class='ocrx_word' id='word_1_143' title='bbox 540 2292 633 2369; x_wconf 86' lang='lat' dir='ltr'>dicat,</span> <span class='ocrx_word' id='word_1_144' title='bbox 656 2302 726 2371; x_wconf 90' lang='lat' dir='ltr'>quot</span> <span class='ocrx_word' id='word_1_145' title='bbox 747 2292 874 2353; x_wconf 80' lang='lat' dir='ltr'>Acestes</span> <span class='ocrx_word' id='word_1_146' title='bbox 893 2295 999 2354; x_wconf 83' lang='lat' dir='ltr'><strong>vixerit</strong></span> <span class='ocrx_word' id='word_1_147' title='bbox 1018 2293 1110 2369; x_wconf 83' lang='lat' dir='ltr'>annis,</span> <span class='ocrx_word' id='word_1_148' title='bbox 1268 2306 1318 2364; x_wconf 67' lang='lat' dir='ltr'>m</span> <span class='ocrx_word' id='word_1_149' title='bbox 1376 2320 1381 2409; x_wconf 73' lang='lat' dir='ltr'>q</span> 
     </span>
    </p>
   </div>
   <div class='ocr_carea' id='block_1_8' title="bbox 329 2374 1321 3047">
    <p class='ocr_par' dir='ltr' id='par_1_14' title="bbox 333 2374 1079 2454">
     <span class='ocr_line' id='line_1_23' title="bbox 333 2374 1079 2454; baseline 0.001 -19"><span class='ocrx_word' id='word_1_150' title='bbox 333 2374 410 2447; x_wconf 82' lang='lat' dir='ltr'>Quot</span> <span class='ocrx_word' id='word_1_151' title='bbox 432 2375 522 2436; x_wconf 92' lang='lat' dir='ltr'>Siculi</span> <span class='ocrx_word' id='word_1_152' title='bbox 545 2376 707 2454; x_wconf 77' lang='lat' dir='ltr'><strong>Phrygibus</strong></span> <span class='ocrx_word' id='word_1_153' title='bbox 728 2379 787 2436; x_wconf 86' lang='lat' dir='ltr'>vini</span> <span class='ocrx_word' id='word_1_154' title='bbox 811 2377 962 2438; x_wconf 85' lang='lat' dir='ltr'>donaverit</span> <span class='ocrx_word' id='word_1_155' title='bbox 983 2396 1079 2439; x_wconf 89' lang='lat' dir='ltr'>urnas.</span> 
     </span>
    </p>

    <p class='ocr_par' dir='ltr' id='par_1_15' title="bbox 330 2457 1100 2540">
     <span class='ocr_line' id='line_1_24' title="bbox 330 2457 1100 2540; baseline 0.005 -22"><span class='ocrx_word' id='word_1_156' title='bbox 330 2457 462 2536; x_wconf 80' lang='lat' dir='ltr'>Exigite‚</span> <span class='ocrx_word' id='word_1_157' title='bbox 486 2467 517 2518; x_wconf 89' lang='lat' dir='ltr'>ut</span> <span class='ocrx_word' id='word_1_158' title='bbox 537 2476 634 2519; x_wconf 92' lang='lat' dir='ltr'>mores</span> <span class='ocrx_word' id='word_1_159' title='bbox 656 2470 775 2522; x_wconf 86' lang='lat' dir='ltr'>teneros</span> <span class='ocrx_word' id='word_1_160' title='bbox 796 2480 850 2522; x_wconf 93' lang='lat' dir='ltr'>ceu</span> <span class='ocrx_word' id='word_1_161' title='bbox 873 2461 983 2539; x_wconf 78' lang='lat' dir='ltr'>pollice</span> <span class='ocrx_word' id='word_1_162' title='bbox 1005 2462 1100 2540; x_wconf 86' lang='lat' dir='ltr'>ducat,</span> 
     </span>
    </p>

    <p class='ocr_par' dir='ltr' id='par_1_16' title="bbox 330 2541 1077 2623">
     <span class='ocr_line' id='line_1_25' title="bbox 330 2541 1077 2623; baseline 0.005 -22"><span class='ocrx_word' id='word_1_163' title='bbox 330 2541 368 2602; x_wconf 86' lang='lat' dir='ltr'>Ut</span> <span class='ocrx_word' id='word_1_164' title='bbox 388 2543 413 2601; x_wconf 91' lang='lat' dir='ltr'>si</span> <span class='ocrx_word' id='word_1_165' title='bbox 435 2543 499 2621; x_wconf 91' lang='lat' dir='ltr'>quis</span> <span class='ocrx_word' id='word_1_166' title='bbox 519 2561 588 2603; x_wconf 89' lang='lat' dir='ltr'><strong>cera</strong></span> <span class='ocrx_word' id='word_1_167' title='bbox 609 2544 717 2605; x_wconf 86' lang='lat' dir='ltr'>vultum</span> <span class='ocrx_word' id='word_1_168' title='bbox 734 2547 819 2615; x_wconf 87' lang='lat' dir='ltr'>iacit;</span> <span class='ocrx_word' id='word_1_169' title='bbox 842 2547 968 2623; x_wconf 83' lang='lat' dir='ltr'>exigite,</span> <span class='ocrx_word' id='word_1_170' title='bbox 990 2554 1021 2606; x_wconf 92' lang='lat' dir='ltr'>ut</span> <span class='ocrx_word' id='word_1_171' title='bbox 1040 2546 1077 2605; x_wconf 90' lang='lat' dir='ltr'>sit</span> 
     </span>
    </p>

    <p class='ocr_par' dir='ltr' id='par_1_17' title="bbox 330 2624 1031 2708">
     <span class='ocr_line' id='line_1_26' title="bbox 330 2624 1031 2708; baseline 0.007 -23"><span class='ocrx_word' id='word_1_172' title='bbox 330 2624 368 2685; x_wconf 87' lang='lat' dir='ltr'>Et</span> <span class='ocrx_word' id='word_1_173' title='bbox 389 2634 473 2705; x_wconf 89' lang='lat' dir='ltr'>pater</span> <span class='ocrx_word' id='word_1_174' title='bbox 494 2626 586 2704; x_wconf 86' lang='lat' dir='ltr'>ipsius</span> <span class='ocrx_word' id='word_1_175' title='bbox 608 2639 727 2704; x_wconf 80' lang='lat' dir='ltr'>coetus,</span> <span class='ocrx_word' id='word_1_176' title='bbox 750 2647 787 2688; x_wconf 91' lang='lat' dir='ltr'>ne</span> <span class='ocrx_word' id='word_1_177' title='bbox 806 2631 900 2708; x_wconf 85' lang='lat' dir='ltr'>turpia</span> <span class='ocrx_word' id='word_1_178' title='bbox 923 2629 1031 2706; x_wconf 80' lang='lat' dir='ltr'>ludant,</span> 
     </span>
    </p>

    <p class='ocr_par' dir='ltr' id='par_1_18' title="bbox 329 2708 1321 2878">
     <span class='ocr_line' id='line_1_27' title="bbox 329 2708 1321 2793; baseline 0.007 -24"><span class='ocrx_word' id='word_1_179' title='bbox 329 2708 374 2770; x_wconf 87' lang='lat' dir='ltr'>Ne</span> <span class='ocrx_word' id='word_1_180' title='bbox 394 2711 501 2771; x_wconf 88' lang='lat' dir='ltr'>iaciant</span> <span class='ocrx_word' id='word_1_181' title='bbox 523 2710 645 2773; x_wconf 86' lang='lat' dir='ltr'><strong>vicibus.</strong></span> <span class='ocrx_word' id='word_1_182' title='bbox 689 2712 754 2774; x_wconf 90' lang='lat' dir='ltr'>Non</span> <span class='ocrx_word' id='word_1_183' title='bbox 776 2721 820 2774; x_wconf 90' lang='lat' dir='ltr'>est</span> <span class='ocrx_word' id='word_1_184' title='bbox 841 2713 909 2777; x_wconf 86' lang='lat' dir='ltr'>leve</span> <span class='ocrx_word' id='word_1_185' title='bbox 927 2722 970 2774; x_wconf 86' lang='lat' dir='ltr'>tot</span> <span class='ocrx_word' id='word_1_186' title='bbox 992 2730 1150 2793; x_wconf 85' lang='lat' dir='ltr'>puerorum</span> <span class='ocrx_word' id='word_1_187' title='bbox 1270 2726 1321 2783; x_wconf 70' lang='lat' dir='ltr'>ato</span> 
     </span>
     <span class='ocr_line' id='line_1_28' title="bbox 331 2792 1116 2878; baseline 0.004 -24"><span class='ocrx_word' id='word_1_188' title='bbox 331 2792 496 2855; x_wconf 83' lang='lat' dir='ltr'><strong>Observare</strong></span> <span class='ocrx_word' id='word_1_189' title='bbox 518 2813 618 2856; x_wconf 90' lang='lat' dir='ltr'>manns</span> <span class='ocrx_word' id='word_1_190' title='bbox 640 2797 801 2878; x_wconf 90' lang='lat' dir='ltr'>oculosque</span> <span class='ocrx_word' id='word_1_191' title='bbox 823 2799 851 2860; x_wconf 92' lang='lat' dir='ltr'>in</span> <span class='ocrx_word' id='word_1_192' title='bbox 872 2798 929 2859; x_wconf 88' lang='lat' dir='ltr'>fine</span> <span class='ocrx_word' id='word_1_193' title='bbox 950 2807 1116 2859; x_wconf 89' lang='lat' dir='ltr'>trementes.</span> 
     </span>
    </p>

    <p class='ocr_par' dir='ltr' id='par_1_19' title="bbox 329 2878 1164 2961">
     <span class='ocr_line' id='line_1_29' title="bbox 329 2878 1164 2961; baseline 0.007 -23"><span class='ocrx_word' id='word_1_194' title='bbox 329 2878 425 2955; x_wconf 85' lang='lat' dir='ltr'>llaec,</span> <span class='ocrx_word' id='word_1_195' title='bbox 448 2881 553 2958; x_wconf 84' lang='lat' dir='ltr'>inquit,</span> <span class='ocrx_word' id='word_1_196' title='bbox 577 2899 661 2941; x_wconf 82' lang='lat' dir='ltr'><strong>cura:</strong></span> <span class='ocrx_word' id='word_1_197' title='bbox 684 2882 737 2943; x_wconf 91' lang='lat' dir='ltr'>sed</span> <span class='ocrx_word' id='word_1_198' title='bbox 760 2900 845 2961; x_wconf 93' lang='lat' dir='ltr'>quum</span> <span class='ocrx_word' id='word_1_199' title='bbox 868 2899 901 2942; x_wconf 90' lang='lat' dir='ltr'>se</span> <span class='ocrx_word' id='word_1_200' title='bbox 921 2884 1043 2943; x_wconf 90' lang='lat' dir='ltr'><strong>verterit</strong></span> <span class='ocrx_word' id='word_1_201' title='bbox 1062 2900 1164 2960; x_wconf 88' lang='lat' dir='ltr'>annus,</span> 
     </span>
    </p>

    <p class='ocr_par' dir='ltr' id='par_1_20' title="bbox 330 2962 1131 3047">
     <span class='ocr_line' id='line_1_30' title="bbox 330 2962 1131 3047; baseline 0.004 -24"><span class='ocrx_word' id='word_1_202' title='bbox 330 2962 459 3042; x_wconf 80' lang='lat' dir='ltr'><strong>Accipe,</strong></span> <span class='ocrx_word' id='word_1_203' title='bbox 483 2964 587 3025; x_wconf 87' lang='lat' dir='ltr'>victori</span> <span class='ocrx_word' id='word_1_204' title='bbox 609 2965 736 3045; x_wconf 83' lang='lat' dir='ltr'>populus</span> <span class='ocrx_word' id='word_1_205' title='bbox 758 2966 836 3044; x_wconf 93' lang='lat' dir='ltr'>quod</span> <span class='ocrx_word' id='word_1_206' title='bbox 856 2966 999 3047; x_wconf 83' lang='lat' dir='ltr'>postulat,</span> <span class='ocrx_word' id='word_1_207' title='bbox 1022 2984 1131 3029; x_wconf 89' lang='lat' dir='ltr'>aurum.</span> 
     </span>
    </p>
   </div>
   <div class='ocr_carea' id='block_1_9' title="bbox 736 3174 919 3185">
    <p class='ocr_par' dir='ltr' id='par_1_21' title="bbox 736 3174 919 3185">
     <span class='ocr_line' id='line_1_31' title="bbox 736 3174 919 3185; baseline 0 -1"><span class='ocrx_word' id='word_1_208' title='bbox 736 3174 919 3185; x_wconf 69' lang='lat' dir='ltr'>-u———u</span> 
     </span>
    </p>
   </div>
   <div class='ocr_carea' id='block_1_10' title="bbox 640 3332 1001 3398">
    <p class='ocr_par' dir='ltr' id='par_1_22' title="bbox 640 3332 1001 3398">
     <span class='ocr_line' id='line_1_32' title="bbox 640 3332 1001 3398; baseline -0.003 0"><span class='ocrx_word' id='word_1_209' title='bbox 640 3332 879 3398; x_wconf 84' lang='lat' dir='ltr'><strong>SATIRA</strong></span> <span class='ocrx_word' id='word_1_210' title='bbox 906 3332 1001 3398; x_wconf 88' lang='lat' dir='ltr'>VIII.</span> 
     </span>
    </p>
   </div>
   <div class='ocr_carea' id='block_1_11' title="bbox 326 3431 1254 3802">
    <p class='ocr_par' dir='ltr' id='par_1_23' title="bbox 329 3431 1254 3629">
     <span class='ocr_line' id='line_1_33' title="bbox 329 3431 1254 3551; baseline 0.008 -26"><span class='ocrx_word' id='word_1_211' title='bbox 329 3431 489 3545; x_wconf 79' lang='lat' dir='ltr'>Stemmata</span> <span class='ocrx_word' id='word_1_212' title='bbox 513 3466 581 3545; x_wconf 91' lang='lat' dir='ltr'>quid</span> <span class='ocrx_word' id='word_1_213' title='bbox 600 3464 731 3527; x_wconf 78' lang='lat' dir='ltr'>iaciunt?</span> <span class='ocrx_word' id='word_1_214' title='bbox 750 3468 817 3546; x_wconf 93' lang='lat' dir='ltr'>qnid</span> <span class='ocrx_word' id='word_1_215' title='bbox 838 3468 975 3548; x_wconf 85' lang='lat' dir='ltr'>prodest,</span> <span class='ocrx_word' id='word_1_216' title='bbox 997 3468 1134 3547; x_wconf 88' lang='lat' dir='ltr'>Pontice,</span> <span class='ocrx_word' id='word_1_217' title='bbox 1158 3468 1254 3551; x_wconf 76' lang='lat' dir='ltr'>longo</span> 
     </span>
     <span class='ocr_line' id='line_1_34' title="bbox 329 3550 1039 3629; baseline 0.004 -20"><span class='ocrx_word' id='word_1_218' title='bbox 329 3550 474 3625; x_wconf 78' lang='lat' dir='ltr'>Sanguine</span> <span class='ocrx_word' id='word_1_219' title='bbox 496 3552 625 3626; x_wconf 85' lang='lat' dir='ltr'>censeri,</span> <span class='ocrx_word' id='word_1_220' title='bbox 650 3553 745 3629; x_wconf 89' lang='lat' dir='ltr'>pictos</span> <span class='ocrx_word' id='word_1_221' title='bbox 766 3553 923 3614; x_wconf 88' lang='lat' dir='ltr'>ostendere</span> <span class='ocrx_word' id='word_1_222' title='bbox 943 3553 1039 3614; x_wconf 87' lang='lat' dir='ltr'>vultus</span> 
     </span>
    </p>

    <p class='ocr_par' dir='ltr' id='par_1_24' title="bbox 328 3630 1048 3699">
     <span class='ocr_line' id='line_1_35' title="bbox 328 3630 1048 3699; baseline 0.006 -7"><span class='ocrx_word' id='word_1_223' title='bbox 328 3630 467 3692; x_wconf 89' lang='lat' dir='ltr'>blaiornm</span> <span class='ocrx_word' id='word_1_224' title='bbox 487 3643 516 3693; x_wconf 89' lang='lat' dir='ltr'>ct</span> <span class='ocrx_word' id='word_1_225' title='bbox 536 3644 644 3695; x_wconf 88' lang='lat' dir='ltr'>stantes</span> <span class='ocrx_word' id='word_1_226' title='bbox 667 3637 695 3694; x_wconf 95' lang='lat' dir='ltr'>in</span> <span class='ocrx_word' id='word_1_227' title='bbox 717 3637 848 3696; x_wconf 89' lang='lat' dir='ltr'><strong>curribus</strong></span> <span class='ocrx_word' id='word_1_228' title='bbox 870 3636 1048 3699; x_wconf 79' lang='lat' dir='ltr'>Aemilianos</span> 
     </span>
    </p>

    <p class='ocr_par' dir='ltr' id='par_1_25' title="bbox 326 3713 1093 3802">
     <span class='ocr_line' id='line_1_36' title="bbox 326 3713 1093 3802; baseline 0.008 -25"><span class='ocrx_word' id='word_1_229' title='bbox 326 3713 366 3777; x_wconf 79' lang='lat' dir='ltr'>Et</span> <span class='ocrx_word' id='word_1_230' title='bbox 388 3713 491 3777; x_wconf 82' lang='lat' dir='ltr'>Curios</span> <span class='ocrx_word' id='word_1_231' title='bbox 513 3719 569 3778; x_wconf 90' lang='lat' dir='ltr'>iam</span> <span class='ocrx_word' id='word_1_232' title='bbox 586 3718 718 3781; x_wconf 90' lang='lat' dir='ltr'>dimidios</span> <span class='ocrx_word' id='word_1_233' title='bbox 738 3721 933 3802; x_wconf 88' lang='lat' dir='ltr'>humerosque</span> <span class='ocrx_word' id='word_1_234' title='bbox 954 3725 1093 3783; x_wconf 91' lang='lat' dir='ltr'>minorem</span> 
     </span>
    </p>
   </div>
   <div class='ocr_carea' id='block_1_12' title="bbox 0 0 1638 4409">
    <p class='ocr_par' dir='ltr' id='par_1_26' title="bbox 0 0 1638 4409">
     <span class='ocr_line' id='line_1_37' title="bbox 0 0 1638 4409; baseline 0 2"><span class='ocrx_word' id='word_1_235' title='bbox 0 0 1638 4409; x_wconf 95' lang='lat' dir='ltr'> </span> 
     </span>
    </p>
   </div>
  </div>
 </body>
</html>
