3267 4409
553 458 893 520 EPIGRAMMATON
906 457 980 521 LIB.
998 460 1049 526 IX.
1126 412 1131 425 ·
1260 466 1323 531 213

762 610 841 674 LVI.

366 708 610 792 Spendophorus
625 709 756 790 Libycas
771 709 887 770 domini
900 714 983 792 petit
994 715 1128 794 armIger
1144 719 1254 782 urbes:

409 797 494 872 Quae
509 813 607 875 puero
623 794 720 854 don'es
737 794 817 873 tela,
841 795 976 876 Cupido,
997 817 1089 877 para,

365 879 422 940 Illa
437 881 546 958 quibus
561 880 688 939 iuvenes
703 880 772 958 figis
786 878 958 960 mollesque
976 881 1110 961 puellasr
1156 934 1160 946 2

408 965 456 1025 sit
469 972 573 1025 tamen
587 964 620 1022 in
636 970 745 1023 tenera
759 965 837 1026 levIs
852 972 885 1025 et
898 966 986 1025 hasta
1002 988 1099 1031 manu.

339 1048 504 1111 5Loricam
521 1047 725 1128 clypeumque
739 1045 797 1109 tibi
814 1048 992 1128 galeamque
1008 1053 1152 1129 remitto;

407 1135 507 1193 Tutus
521 1141 555 1193 ut
568 1131 691 1192 invadat
704 1133 838 1212 praelia,
859 1133 960 1194 nudus
975 1141 1033 1197 eat.
1109 1174 1112 1180 ·

364 1219 434 1279 Non
448 1218 563 1295 iaculo,
585 1237 646 1275 non
663 1235 737 1277 ense
752 1219 811 1278 fuit
825 1218 964 1279 laesusve
980 1221 1105 1298 sagitto,

406 1301 535 1363 Casside
553 1300 624 1360 dum
637 1299 718 1360 liber
733 1303 986 1382 Parthenopaeus
1002 1312 1078 1364 erat.

366 1387 512 1463 Quisquis
530 1387 566 1445 ab
581 1385 641 1445 hoc
656 1385 752 1445 fuerit
765 1387 859 1464 fixus,
881 1388 1031 1447 morietur
1044 1407 1158 1450 amore.
1191 1454 1194 1459 ,
1297 1424 1303 1431 ·

324 1483 359 1535 10
409 1472 435 1531 0
450 1471 542 1549 felix,
564 1471 591 1530 si
607 1488 697 1548 quem
711 1477 773 1529 tam
788 1473 867 1530 bona
881 1472 944 1531 fata
959 1473 1099 1534 manent!
1123 1515 1126 1519 -

362 1557 442 1616 Dum
457 1574 536 1635 puer
551 1573 601 1632 es,
618 1553 746 1632 redeas,
769 1554 840 1614 dum
853 1553 940 1615 voltu
952 1554 1106 1635 lubricus,
1128 1563 1161 1617 et
1176 1564 1208 1618 te

405 1640 475 1701 Nou
489 1639 587 1718 Libye
602 1639 711 1717 faciat,
731 1638 787 1711 sed
802 1646 854 1699 tua
867 1640 963 1701 Roma
977 1641 1084 1704 virum.

753 1773 845 1836 LVII.
871 1778 874 1782 '

363 1873 416 1934 Nil
432 1870 483 1934 est'
495 1874 598 1934 tritius
615 1870 732 1952 Hedyli
744 1871 897 1932 lacernis:

362 1960 431 2019 Non
447 1977 538 2019 ansae
552 1963 691 2018 veterum
708 1959 957 2033 Corinthiorum,

362 2044 428 2103 Nec
449 2064 520 2104 crus
536 2042 684 2122 compede
699 2041 852 2101 lubricum
867 2039 1016 2119 decenni,

363 2128 429 2187 Nec
448 2134 558 2208 ruptae
575 2123 800 2189 recutita.colla
815 2123 933 2201 mulae,

341 2211 429 2273 bNec
449 2232 525 2290 quae
538 2212 565 2272 F
567 2211 721 2271 laminiam
737 2215 844 2284 secant¹
859 2207 1016 2288 salebrae,
1132 2263 1134 2266 Α

364 2297 429 2355 Nec
449 2298 500 2374 qui
513 2297 657 2356 litoribus
671 2291 772 2359 nitent
785 2292 903 2374 lapilli,
934 2339 937 2345 .

364 2381 429 2440 Nec
448 2381 550 2441 'l'usca
563 2379 626 2458 ligo
643 2381 731 2440 vinea
745 2378 877 2460 politus,

363 2465 429 2525 Nec
447 2465 565 2545 pallens
580 2472 650 2543 toga
664 2466 776 2524 mortni
792 2461 932 2541 tribulis,
986 2540 989 2545 q
1097 2472 1101 2481 ’

363 2550 429 2609 Nec
447 2551 528 2629 pigri
542 2556 611 2609 rota
626 2570 734 2627 quassa
746 2548 906 2626 mulionIS,

323 2644 356 2695 10
364 2635 429 2693 Nec
447 2655 546 2693 rasum
563 2653 654 2693 cavea
669 2632 747 2692 latus
763 2635 910 2711 bisontis,

362 2719 428 2782 Nec
447 2717 524 2778 dens
538 2720 597 2779 iam
613 2719 718 2777 senior
732 2719 847 2777 ferocis
864 2717 940 2797 apri.
1045 2772 1056 2789 ,

365 2803 429 2862 Res
443 2823 503 2862 una
519 2809 567 2862 est
581 2808 698 2878 tamen,
714 2836 755 2844 -
769 2804 837 2881 ipse
851 2821 914 2861 non
928 2801 1069 2880 negabit,
1083 2834 1125 2842 —

365 2885 460 2948 Culus
477 2889 581 2947 tritior
594 2885 712 2965 Hedyli
725 2885 867 2946 lacernis.

747 3019 852 3082 LVIII.

364 3135 504 3215 Nympha
522 3135 601 3194 sacri
615 3135 723 3213 regina
736 3131 840 3210 lacus,
863 3135 911 3193 cui
927 3138 1014 3212 grata
1027 3130 1167 3193 Sabinus·
1203 3147 1206 3151 ·

406 3221 448 3279 nt
463 3239 604 3278 mansura
617 3220 668 3298 pio
684 3237 810 3278 munere
826 3217 940 3298 templa
956 3216 1072 3293 dedit,

366 3304 417 3364 Sic
433 3310 575 3362 montana
589 3310 658 3362 tuos
674 3322 796 3383 semper
812 3301 894 3362 colat
908 3302 1034 3363 Umbria
1047 3301 1168 3376 fontes,
1186 3315 1189 3323 ·
1266 3320 1270 3327 ¹

407 3389 473 3448 Neo
487 3394 539 3447 tna
554 3388 682 3447 Baianas
698 3388 820 3447 Sassina
834 3387 921 3447 malit
934 3406 1044 3465 aquas:
1186 3391 1188 3395 ’

347 3473 487 3553 bExcipe
503 3471 655 3540 sollicitos
670 3470 807 3554 placide,
831 3490 899 3531 meo
915 3471 1010 3548 dona,
1030 3466 1175 3542 libellos;

410 3557 458 3615 'l'u
474 3556 572 3616 fueris
586 3557 684 3616 Musis
700 3557 825 3634 Pegasis
840 3556 922 3615 unda
935 3556 1021 3616 meis.
1037 3578 1080 3598 .-.

317 3668 319 3673 ·
368 3639 596 3720 „Nympharum
610 3639 736 3721 templis
751 3642 889 3720 quisans
904 3659 958 3699 sna
970 3638 1106 3699 carmina
1121 3634 1229 3714 donat,

409 3724 488 3802 Quid
503 3726 574 3785 fieri
587 3723 677 3784 libris
696 3723 824 3806 debeat,
846 3726 913 3808 ipse
931 3722 1057 3786 doceti‘
