3267 4409
669 484 793 533 ΒΔΤῙΒΑ
814 485 863 534 11.

277 624 473 708 Despiciam,
499 624 548 702 qul
570 624 640 699 scit,
667 633 773 703 quauto
799 624 950 686 sublimior
971 625 1055 686 Atlas

279 710 428 775 Omnibus
451 710 479 769 iu
500 706 589 783 libya
613 709 649 767 sit
671 708 832 784 montibus,
850 710 898 771 bio
917 719 1012 771 tamcu
1032 709 1109 771 idem

278 796 425 875 ignoret,
451 800 585 872 quantum
608 790 714 852 ierrata
739 792 826 852 distet
851 792 887 853 ab
912 811 981 854 arca

279 876 442 943 Sacculua.
474 873 499 936 Ε
524 874 610 935 coelo
634 874 785 935 descendit
805 879 903 955 γνῶθι
926 872 1058 953 σεαυτόν,

278 960 449 1042 urgendum
471 967 500 1019 et
524 960 645 1019 memori
666 959 841 1020 tractandum
867 970 1007 1039 pectore,
1029 962 1092 1020 sive

280 1045 460 1123 Coniugium
481 1060 605 1121 quaeras
625 1042 674 1102 rel
696 1045 771 1101 sacri
794 1045 823 1103 iu
844 1054 926 1122 parte
947 1054 1065 1105 senatus

279 1130 364 1193 Esse
386 1126 477 1196 velim
503 1143 598 1204 neque
625 1128 699 1187 enim
721 1126 840 1187 loricam
862 1129 957 1206 posuit
979 1127 1103 1189 Achillis

279 1213 455 1287 Thersites,
480 1210 509 1270 in
535 1227 591 1288 qua
617 1228 650 1269 se
675 1209 843 1270 traducebat
864 1210 981 1286 Ulircs;

252 1294 451 1376 'Ancipitem
477 1311 529 1353 seu
552 1302 581 1354 tu
607 1310 711 1370 magno
734 1294 898 1356 discrimine
921 1314 1038 1357 causam

280 1382 449 1459 Proteqere
471 1376 608 1455 affectas,
631 1386 660 1437 te
684 1378 823 1453 consule,
846 1379 892 1439 dic
912 1379 978 1455 tibi,
1001 1378 1122 1459 quiuis,

280 1464 395 1527 Orator
413 1460 588 1537 vehemens,
612 1479 648 1522 au
669 1458 784 1521 Curtius
808 1472 837 1522 et
861 1462 958 1523 blatbo
983 1462 1103 1523 buccae.

280 1546 443 1611 Noscenrla
467 1553 511 1606 est
535 1562 668 1605 mensura
688 1547 733 1604 sui
756 1546 972 1626 spectandaque
994 1545 1084 1607 rebus

279 1632 313 1695 ln
336 1630 457 1693 summis
478 1629 674 1708 minimisque,
697 1630 781 1689 etiam
802 1648 887 1708 quum
912 1632 1001 1709 piscis
1024 1639 1148 1699 emetur;

279 1716 326 1779 Ne
353 1712 472 1775 nullum
493 1713 610 1791 cupias,
634 1730 720 1791 quum
742 1714 779 1772 sit
803 1712 855 1772 tibi
877 1713 969 1791 gobio
990 1723 1097 1775 tautum

280 1800 313 1862 ln
340 1796 459 1861 loculis.
497 1793 568 1869 Quia
592 1798 666 1857 cuiun
690 1805 719 1856 te
741 1796 896 1857 delicieute
920 1817 1056 1859 crumena

280 1882 318 1946 llt
343 1888 501 1945 crescente
525 1879 594 1958 gula
615 1890 711 1940 manet
734 1882 847 1957 exitus,
873 1899 944 1942 aero
966 1890 1088 1961 patemo

280 1968 327 2029 Ac
351 1964 444 2027 rebus
465 1966 567 2024 mersis
590 1964 619 2024 in
642 1973 788 2042 ventrem,
812 1964 922 2025 fenoris
944 1972 1030 2043 atque

280 2049 411 2129 Argenti
432 2049 530 2127 gravis
553 2056 583 2107 ct
604 2064 742 2127 pecorum
765 2066 957 2126 agrorumque
981 2045 1139 2126 capacem?

280 2133 407 2199 Talibus
432 2150 448 2193 a
474 2130 595 2192 dominis
619 2140 686 2211 post
714 2141 816 2192 cuneta
839 2133 1012 2193 nouissimus
1033 2133 1092 2191 exit

279 2216 433 2293 mulus,
457 2223 488 2275 et
509 2215 599 2292 digito
621 2215 764 2276 mendicat
788 2215 882 2276 Pollio
908 2216 994 2277 nudo.

279 2302 350 2365 lion
374 2300 550 2382 praematuri
575 2300 689 2359 cineres
711 2316 767 2359 nec
791 2300 876 2361 iuuus
896 2299 1034 2362 acerbum

280 2384 444 2461 buarius,
468 2382 521 2443 sed
545 2391 637 2443 morte
660 2384 751 2460 magis
772 2384 924 2445 metuenda
947 2391 1093 2445 senectus.

280 2470 316 2531 lli
342 2468 517 2551 plerunque
538 2465 659 2544 gradus:
686 2466 829 2529 conducta
851 2468 974 2547 pecunia
992 2467 1104 2529 Romae

281 2552 319 2617 Et
344 2568 447 2614 coram
470 2549 590 2612 dominis
613 2553 803 2619 consumitur:
831 2552 898 2613 iude
919 2552 968 2613 ubi
989 2552 1104 2631 paulum

280 2636 397 2700 Nescio
419 2634 487 2717 quid
511 2644 645 2715 superest
668 2644 698 2695 et
716 2636 807 2714 pallet
829 2637 939 2697 fenoris
961 2645 1074 2712 auctor,

283 2720 341 2797 out
367 2728 488 2780 uertere
515 2718 624 2795 solum,
650 2720 734 2779 baias
758 2729 788 2780 et
810 2720 847 2780 ad
868 2729 965 2782 ostrea
988 2727 1114 2779 currunt.

284 2804 406 2867 cedere
425 2820 548 2881 namque
574 2802 639 2862 loro
663 2804 719 2863 iam
740 2821 798 2862 nou
824 2813 869 2864 est
891 2804 1020 2865 deterius
1042 2819 1126 2880 quam

282 2886 436 2967 Esquilias
463 2904 480 2947 a
503 2886 630 2948 ferventi
651 2889 776 2965 migrare
801 2888 924 2948 Subura.

281 2972 340 3035 [lle
366 2969 454 3034 ulolor
478 2970 557 3031 solus
581 2971 701 3049 patriam
721 2972 913 3049 fugientibus,
939 2969 989 3030 illa
1041 3024 1045 3033 .

282 3055 433 3119 laestitla
456 3063 518 3131 cst,
544 3056 674 3114 caruisse
697 3072 771 3115 anuo
795 3054 974 3117 circensibus
996 3071 1062 3113 nuo.

247 3198 248 3221 p
283 3140 442 3219 Sanguinis
467 3140 496 3198 iu
517 3139 593 3198 lucie
614 3156 672 3198 nou
693 3138 795 3200 haeret
820 3149 913 3218 gutta;
939 3148 1084 3199 morantur

247 3248 248 3339 p
283 3224 375 3287 Pauci
400 3222 550 3283 ridiculum
585 3230 614 3283 et
652 3223 810 3301 lugientem
836 3243 874 3283 ex
894 3223 965 3282 urbe
986 3223 1135 3301 pudorem.

247 3370 248 3387 p
323 3306 493 3387 Experiere
515 3305 619 3382 bodie,
644 3308 779 3385 numquid
801 3306 994 3385 pulcherrima
1016 3305 1102 3381 dictu,

282 3392 424 3467 Persice,
450 3406 508 3450 nou
528 3399 674 3468 praestem
698 3393 755 3451 uita
777 3391 827 3451 vel
847 3390 977 3450 moribus
1001 3398 1031 3449 et
1051 3406 1096 3464 re,

283 3477 345 3539 Sed
368 3474 486 3537 laudem
509 3474 630 3553 siliquas
650 3475 783 3535 occultus
804 3491 917 3552 ganeo,
941 3473 1038 3551 pultes

283 3558 395 3623 Coram
420 3558 484 3619 aliis
511 3556 615 3618 dictem
641 3576 750 3637 puero,
774 3559 828 3618 scd
851 3559 879 3617 in
901 3575 970 3616 aure
994 3556 1155 3636 placentas.

247 3642 248 3711 l
282 3644 356 3708 Nam
381 3660 469 3723 quum
489 3642 530 3701 sie
553 3644 675 3703 conviva
698 3643 764 3702 mibi
787 3642 962 3721 promissus,
986 3638 1110 3700 habebis

247 3718 248 3767 l
281 3728 470 3806 armorum,
493 3725 596 3787 uenies
619 3725 783 3806 Tirynthius
805 3733 855 3787 aut
877 3726 971 3788 minor
990 3724 1042 3785 illo
1099 3786 1106 3799 ,
