<?xml version="1.0" encoding="UTF-8"?>
<!DOCTYPE html PUBLIC "-//W3C//DTD XHTML 1.0 Transitional//EN"
    "http://www.w3.org/TR/xhtml1/DTD/xhtml1-transitional.dtd">
<html xmlns="http://www.w3.org/1999/xhtml" xml:lang="en" lang="en">
 <head>
  <title>
</title>
<meta http-equiv="Content-Type" content="text/html;charset=utf-8" />
  <meta name='ocr-system' content='tesseract 3.04.00' />
  <meta name='ocr-capabilities' content='ocr_page ocr_carea ocr_par ocr_line ocrx_word'/>
</head>
<body>
  <div class='ocr_page' id='page_1' title='image "./mvalmartialisep00martgoog_0589.png"; bbox 0 0 3267 4409; ppageno 0'>
   <div class='ocr_carea' id='block_1_1' title="bbox 359 483 977 542">
    <p class='ocr_par' dir='ltr' id='par_1_1' title="bbox 359 483 977 542">
     <span class='ocr_line' id='line_1_1' title="bbox 359 483 977 542; baseline 0.003 -4"><span class='ocrx_word' id='word_1_1' title='bbox 359 483 432 538; x_wconf 54' lang='lat' dir='ltr'><strong>xXVI</strong></span> <span class='ocrx_word' id='word_1_2' title='bbox 768 491 977 542; x_wconf 75' lang='lat' dir='ltr'><strong>PRAEFATIO.</strong></span> 
     </span>
    </p>
   </div>
   <div class='ocr_carea' id='block_1_2' title="bbox 283 644 1393 3062">
    <p class='ocr_par' dir='ltr' id='par_1_2' title="bbox 283 644 1393 3062">
     <span class='ocr_line' id='line_1_2' title="bbox 369 644 1393 729; baseline 0.007 -24"><span class='ocrx_word' id='word_1_3' title='bbox 369 644 497 705; x_wconf 88' lang='lat' dir='ltr'><strong>clarabit</strong></span> <span class='ocrx_word' id='word_1_4' title='bbox 510 647 685 705; x_wconf 86' lang='lat' dir='ltr'><strong>mercatoris</strong></span> <span class='ocrx_word' id='word_1_5' title='bbox 705 647 876 721; x_wconf 81' lang='lat' dir='ltr'><strong>avaritiam,</strong></span> <span class='ocrx_word' id='word_1_6' title='bbox 900 667 980 729; x_wconf 89' lang='lat' dir='ltr'><strong>quae</strong></span> <span class='ocrx_word' id='word_1_7' title='bbox 1000 658 1102 709; x_wconf 85' lang='lat' dir='ltr'><strong>tamen</strong></span> <span class='ocrx_word' id='word_1_8' title='bbox 1123 658 1242 709; x_wconf 83' lang='lat' dir='ltr'><strong>tantum</strong></span> <span class='ocrx_word' id='word_1_9' title='bbox 1263 651 1349 712; x_wconf 85' lang='lat' dir='ltr'><strong>abest</strong></span> <span class='ocrx_word' id='word_1_10' title='bbox 1391 664 1393 687; x_wconf 75' lang='lat'>⁵</span> 
     </span>
     <span class='ocr_line' id='line_1_3' title="bbox 368 720 1346 810; baseline 0.006 -21"><span class='ocrx_word' id='word_1_11' title='bbox 368 739 402 789; x_wconf 90' lang='lat' dir='ltr'><strong>ut</strong></span> <span class='ocrx_word' id='word_1_12' title='bbox 417 738 531 788; x_wconf 87' lang='lat' dir='ltr'><strong>certum</strong></span> <span class='ocrx_word' id='word_1_13' title='bbox 546 739 688 788; x_wconf 85' lang='lat' dir='ltr'><strong>eventum</strong></span> <span class='ocrx_word' id='word_1_14' title='bbox 701 730 822 804; x_wconf 87' lang='lat' dir='ltr'><strong>habeat,</strong></span> <span class='ocrx_word' id='word_1_15' title='bbox 840 740 873 791; x_wconf 92' lang='lat' dir='ltr'><strong>ut</strong></span> <span class='ocrx_word' id='word_1_16' title='bbox 887 720 970 791; x_wconf 86' lang='lat' dir='ltr'><strong>hand</strong></span> <span class='ocrx_word' id='word_1_17' title='bbox 985 753 1052 791; x_wconf 89' lang='lat' dir='ltr'><strong>raro</strong></span> <span class='ocrx_word' id='word_1_18' title='bbox 1068 734 1192 810; x_wconf 88' lang='lat' dir='ltr'><strong>majoris</strong></span> <span class='ocrx_word' id='word_1_19' title='bbox 1202 734 1283 793; x_wconf 88' lang='lat' dir='ltr'><strong>lueri</strong></span> <span class='ocrx_word' id='word_1_20' title='bbox 1299 757 1346 797; x_wconf 86' lang='lat' dir='ltr'><strong>ou-</strong></span> 
     </span>
     <span class='ocr_line' id='line_1_4' title="bbox 319 812 1349 895; baseline 0.006 -23"><span class='ocrx_word' id='word_1_21' title='bbox 319 874 321 881; x_wconf 77' lang='grc'>,</span> <span class='ocrx_word' id='word_1_22' title='bbox 367 812 471 892; x_wconf 91' lang='lat' dir='ltr'><strong>pidine</strong></span> <span class='ocrx_word' id='word_1_23' title='bbox 487 832 554 871; x_wconf 92' lang='lat' dir='ltr'><strong>eam</strong></span> <span class='ocrx_word' id='word_1_24' title='bbox 567 814 727 891; x_wconf 90' lang='lat' dir='ltr'><strong>pecuniam</strong></span> <span class='ocrx_word' id='word_1_25' title='bbox 737 813 860 893; x_wconf 87' lang='lat' dir='ltr'><strong>perdat,</strong></span> <span class='ocrx_word' id='word_1_26' title='bbox 877 835 936 895; x_wconf 88' lang='lat' dir='ltr'><strong>qna</strong></span> <span class='ocrx_word' id='word_1_27' title='bbox 950 815 1066 875; x_wconf 89' lang='lat' dir='ltr'><strong>modico</strong></span> <span class='ocrx_word' id='word_1_28' title='bbox 1078 816 1183 876; x_wconf 88' lang='lat' dir='ltr'><strong>fenore</strong></span> <span class='ocrx_word' id='word_1_29' title='bbox 1199 818 1349 878; x_wconf 87' lang='lat' dir='ltr'><strong>collocata</strong></span> 
     </span>
     <span class='ocr_line' id='line_1_5' title="bbox 369 895 1393 980; baseline 0.007 -25"><span class='ocrx_word' id='word_1_30' title='bbox 369 896 421 956; x_wconf 87' lang='lat' dir='ltr'><strong>din</strong></span> <span class='ocrx_word' id='word_1_31' title='bbox 435 916 542 957; x_wconf 87' lang='lat' dir='ltr'><strong>secure</strong></span> <span class='ocrx_word' id='word_1_32' title='bbox 556 895 615 954; x_wconf 86' lang='lat' dir='ltr'><strong>frui</strong></span> <span class='ocrx_word' id='word_1_33' title='bbox 628 897 787 974; x_wconf 88' lang='lat' dir='ltr'><strong>potuisset.</strong></span> <span class='ocrx_word' id='word_1_34' title='bbox 804 931 847 941; x_wconf 91' lang='lat'><em>-</em></span> <span class='ocrx_word' id='word_1_35' title='bbox 860 900 899 959; x_wconf 88' lang='lat' dir='ltr'><strong>V.</strong></span> <span class='ocrx_word' id='word_1_36' title='bbox 918 897 976 956; x_wconf 83' lang='lat'><strong>159</strong></span> <span class='ocrx_word' id='word_1_37' title='bbox 990 907 1036 956; x_wconf 79' lang='lat' dir='ltr'><strong>ost</strong></span> <span class='ocrx_word' id='word_1_38' title='bbox 1049 899 1185 978; x_wconf 82' lang='lat' dir='ltr'><strong>plurimi,</strong></span> <span class='ocrx_word' id='word_1_39' title='bbox 1203 901 1349 980; x_wconf 85' lang='lat' dir='ltr'><strong>quodve}</strong></span> <span class='ocrx_word' id='word_1_40' title='bbox 1391 896 1393 905; x_wconf 80' lang='lat'>&#39;</span> 
     </span>
     <span class='ocr_line' id='line_1_6' title="bbox 367 981 1348 1062; baseline 0.007 -23"><span class='ocrx_word' id='word_1_41' title='bbox 367 987 678 1059; x_wconf 81' lang='lat' dir='ltr'><strong>nousequentetumen</strong></span> <span class='ocrx_word' id='word_1_42' title='bbox 691 1000 745 1039; x_wconf 88' lang='lat' dir='ltr'><strong>suo</strong></span> <span class='ocrx_word' id='word_1_43' title='bbox 756 981 826 1060; x_wconf 86' lang='lat' dir='ltr'><strong>jure</strong></span> <span class='ocrx_word' id='word_1_44' title='bbox 834 981 1121 1061; x_wconf 28' lang='lat' dir='ltr'><strong>ponipoterat3‘hoc</strong></span> <span class='ocrx_word' id='word_1_45' title='bbox 1135 993 1286 1062; x_wconf 86' lang='lat' dir='ltr'><strong>sequente</strong></span> <span class='ocrx_word' id='word_1_46' title='bbox 1292 1006 1348 1046; x_wconf 88' lang='lat' dir='ltr'><strong>uec</strong></span> 
     </span>
     <span class='ocr_line' id='line_1_7' title="bbox 367 1060 1348 1142; baseline 0.003 -19"><span class='ocrx_word' id='word_1_47' title='bbox 367 1065 417 1123; x_wconf 92' lang='lat' dir='ltr'><strong>hic</strong></span> <span class='ocrx_word' id='word_1_48' title='bbox 437 1082 496 1122; x_wconf 92' lang='lat' dir='ltr'><strong>nec</strong></span> <span class='ocrx_word' id='word_1_49' title='bbox 517 1062 559 1121; x_wconf 86' lang='lat'><strong>11.</strong></span> <span class='ocrx_word' id='word_1_50' title='bbox 582 1060 622 1122; x_wconf 81' lang='lat'><strong>48</strong></span> <span class='ocrx_word' id='word_1_51' title='bbox 644 1062 736 1123; x_wconf 83' lang='lat' dir='ltr'><strong>video</strong></span> <span class='ocrx_word' id='word_1_52' title='bbox 761 1084 813 1123; x_wconf 92' lang='lat' dir='ltr'><strong>cnr</strong></span> <span class='ocrx_word' id='word_1_53' title='bbox 834 1064 979 1142; x_wconf 85' lang='lat' dir='ltr'><strong>languido</strong></span> <span class='ocrx_word' id='word_1_54' title='bbox 1001 1075 1027 1123; x_wconf 80' lang='lat' dir='ltr'><strong>et</strong></span> <span class='ocrx_word' id='word_1_55' title='bbox 1047 1064 1145 1125; x_wconf 89' lang='lat' dir='ltr'><strong>cedat.</strong></span> <span class='ocrx_word' id='word_1_56' title='bbox 1166 1098 1209 1109; x_wconf 93' lang='lat'>-</span> <span class='ocrx_word' id='word_1_57' title='bbox 1229 1068 1269 1128; x_wconf 89' lang='lat' dir='ltr'><strong>V.</strong></span> <span class='ocrx_word' id='word_1_58' title='bbox 1291 1067 1348 1129; x_wconf 84' lang='lat'><strong>172</strong></span> 
     </span>
     <span class='ocr_line' id='line_1_8' title="bbox 368 1147 1348 1227; baseline 0.005 -21"><span class='ocrx_word' id='word_1_59' title='bbox 368 1164 500 1206; x_wconf 82' lang='lat' dir='ltr'><strong>accersor</strong></span> <span class='ocrx_word' id='word_1_60' title='bbox 514 1166 568 1225; x_wconf 90' lang='lat' dir='ltr'><strong>pro</strong></span> <span class='ocrx_word' id='word_1_61' title='bbox 584 1155 710 1204; x_wconf 82' lang='lat' dir='ltr'><strong>arcessat</strong></span> <span class='ocrx_word' id='word_1_62' title='bbox 722 1147 823 1220; x_wconf 83' lang='lat' dir='ltr'><strong>libris,</strong></span> <span class='ocrx_word' id='word_1_63' title='bbox 844 1149 896 1227; x_wconf 88' lang='lat' dir='ltr'><strong>qni</strong></span> <span class='ocrx_word' id='word_1_64' title='bbox 910 1148 975 1208; x_wconf 82' lang='lat' dir='ltr'><strong>lere</strong></span> <span class='ocrx_word' id='word_1_65' title='bbox 996 1168 1099 1207; x_wconf 84' lang='lat' dir='ltr'><strong>omnes</strong></span> <span class='ocrx_word' id='word_1_66' title='bbox 1119 1149 1249 1227; x_wconf 85' lang='lat' dir='ltr'>primam</span> <span class='ocrx_word' id='word_1_67' title='bbox 1264 1161 1348 1211; x_wconf 87' lang='lat' dir='ltr'><strong>&#39;certe</strong></span> 
     </span>
     <span class='ocr_line' id='line_1_9' title="bbox 367 1230 1347 1311; baseline 0.004 -21"><span class='ocrx_word' id='word_1_68' title='bbox 367 1249 528 1311; x_wconf 86' lang='lat' dir='ltr'><strong>personam</strong></span> <span class='ocrx_word' id='word_1_69' title='bbox 545 1230 682 1302; x_wconf 82' lang='lat' dir='ltr'><strong>offerunt,</strong></span> <span class='ocrx_word' id='word_1_70' title='bbox 694 1249 807 1307; x_wconf 76' lang='lat' dir='ltr'><strong>negare</strong></span> <span class='ocrx_word' id='word_1_71' title='bbox 823 1230 954 1290; x_wconf 89' lang='lat' dir='ltr'><strong>Jahnins</strong></span> <span class='ocrx_word' id='word_1_72' title='bbox 968 1251 1029 1290; x_wconf 92' lang='lat' dir='ltr'><strong>non</strong></span> <span class='ocrx_word' id='word_1_73' title='bbox 1047 1231 1193 1291; x_wconf 85' lang='lat' dir='ltr'><strong>debebat:</strong></span> <span class='ocrx_word' id='word_1_74' title='bbox 1209 1253 1282 1293; x_wconf 84' lang='lat' dir='ltr'><strong>mox</strong></span> <span class='ocrx_word' id='word_1_75' title='bbox 1296 1254 1347 1294; x_wconf 90' lang='lat' dir='ltr'><strong>au·</strong></span> 
     </span>
     <span class='ocr_line' id='line_1_10' title="bbox 367 1313 1348 1393; baseline 0.004 -20"><span class='ocrx_word' id='word_1_76' title='bbox 367 1323 429 1373; x_wconf 89' lang='lat' dir='ltr'><strong>tem</strong></span> <span class='ocrx_word' id='word_1_77' title='bbox 446 1334 476 1372; x_wconf 83' lang='lat' dir='ltr'><strong>v.</strong></span> <span class='ocrx_word' id='word_1_78' title='bbox 494 1313 553 1373; x_wconf 88' lang='grc'><strong>174</strong></span> <span class='ocrx_word' id='word_1_79' title='bbox 567 1318 679 1372; x_wconf 68' lang='lat' dir='ltr'><strong>emerus</strong></span> <span class='ocrx_word' id='word_1_80' title='bbox 692 1331 744 1372; x_wconf 82' lang='lat' dir='ltr'><strong>aec</strong></span> <span class='ocrx_word' id='word_1_81' title='bbox 762 1333 910 1393; x_wconf 75' lang='lat' dir='ltr'><strong>nunepro</strong></span> <span class='ocrx_word' id='word_1_82' title='bbox 932 1319 1035 1373; x_wconf 60' lang='lat' dir='ltr'><strong>caicus</strong></span> <span class='ocrx_word' id='word_1_83' title='bbox 1055 1323 1086 1373; x_wconf 91' lang='lat' dir='ltr'><strong>et</strong></span> <span class='ocrx_word' id='word_1_84' title='bbox 1102 1332 1138 1373; x_wconf 86' lang='lat' dir='ltr'><strong>na</strong></span> <span class='ocrx_word' id='word_1_85' title='bbox 1156 1335 1231 1376; x_wconf 80' lang='lat' dir='ltr'><strong>nuuc</strong></span> <span class='ocrx_word' id='word_1_86' title='bbox 1251 1318 1348 1378; x_wconf 90' lang='lat' dir='ltr'><strong>eidem</strong></span> 
     </span>
     <span class='ocr_line' id='line_1_11' title="bbox 369 1395 1347 1479; baseline 0.003 -22"><span class='ocrx_word' id='word_1_87' title='bbox 369 1418 436 1457; x_wconf 88' lang='lat' dir='ltr'><strong>cum</strong></span> <span class='ocrx_word' id='word_1_88' title='bbox 449 1396 625 1474; x_wconf 86' lang='lat' dir='ltr'><strong>Ladewigio</strong></span> <span class='ocrx_word' id='word_1_89' title='bbox 641 1405 671 1457; x_wconf 88' lang='lat' dir='ltr'><strong>et</strong></span> <span class='ocrx_word' id='word_1_90' title='bbox 691 1395 833 1456; x_wconf 80' lang='lat' dir='ltr'><strong>Scheibio</strong></span> <span class='ocrx_word' id='word_1_91' title='bbox 854 1417 890 1458; x_wconf 90' lang='lat' dir='ltr'><strong>eo</strong></span> <span class='ocrx_word' id='word_1_92' title='bbox 906 1397 1025 1457; x_wconf 87' lang='lat' dir='ltr'><strong>facilius</strong></span> <span class='ocrx_word' id='word_1_93' title='bbox 1043 1397 1191 1472; x_wconf 86' lang='lat' dir='ltr'><strong>concedo,</strong></span> <span class='ocrx_word' id='word_1_94' title='bbox 1211 1420 1271 1479; x_wconf 88' lang='lat' dir='ltr'><strong>quo</strong></span> <span class='ocrx_word' id='word_1_95' title='bbox 1285 1421 1347 1460; x_wconf 86' lang='lat' dir='ltr'><strong>rna·</strong></span> 
     </span>
     <span class='ocr_line' id='line_1_12' title="bbox 367 1479 1347 1560; baseline 0.002 -20"><span class='ocrx_word' id='word_1_96' title='bbox 367 1482 414 1558; x_wconf 85' lang='lat' dir='ltr'><strong>gis</strong></span> <span class='ocrx_word' id='word_1_97' title='bbox 434 1481 556 1540; x_wconf 82' lang='lat' dir='ltr'><strong>Horatii</strong></span> <span class='ocrx_word' id='word_1_98' title='bbox 581 1500 703 1560; x_wconf 91' lang='lat' dir='ltr'><strong>qnoque</strong></span> <span class='ocrx_word' id='word_1_99' title='bbox 726 1479 857 1539; x_wconf 79' lang='lat' dir='ltr'><strong>editores</strong></span> <span class='ocrx_word' id='word_1_100' title='bbox 877 1480 910 1540; x_wconf 91' lang='lat' dir='ltr'><strong>in</strong></span> <span class='ocrx_word' id='word_1_101' title='bbox 929 1481 996 1540; x_wconf 94' lang='lat' dir='ltr'><strong>loco</strong></span> <span class='ocrx_word' id='word_1_102' title='bbox 1017 1482 1136 1559; x_wconf 88' lang='lat' dir='ltr'><strong>gemino</strong></span> <span class='ocrx_word' id='word_1_103' title='bbox 1157 1480 1221 1541; x_wconf 80' lang='lat' dir='ltr'><strong>Sat.</strong></span> <span class='ocrx_word' id='word_1_104' title='bbox 1245 1484 1296 1543; x_wconf 90' lang='lat'><strong>11.</strong></span> <span class='ocrx_word' id='word_1_105' title='bbox 1319 1484 1347 1545; x_wconf 89' lang='grc'><strong>3.</strong></span> 
     </span>
     <span class='ocr_line' id='line_1_13' title="bbox 369 1561 1348 1643; baseline 0.008 -23"><span class='ocrx_word' id='word_1_106' title='bbox 369 1561 430 1623; x_wconf 82' lang='lat'><strong>262</strong></span> <span class='ocrx_word' id='word_1_107' title='bbox 447 1563 593 1622; x_wconf 86' lang='lat' dir='ltr'><strong>vacillare</strong></span> <span class='ocrx_word' id='word_1_108' title='bbox 607 1563 715 1640; x_wconf 77' lang='lat' dir='ltr'><strong>vide03</strong></span> <span class='ocrx_word' id='word_1_109' title='bbox 738 1563 776 1623; x_wconf 83' lang='lat' dir='ltr'><strong>cf.</strong></span> <span class='ocrx_word' id='word_1_110' title='bbox 801 1563 912 1622; x_wconf 88' lang='lat' dir='ltr'><strong>Philol.</strong></span> <span class='ocrx_word' id='word_1_111' title='bbox 929 1564 968 1638; x_wconf 89' lang='lat' dir='ltr'><strong>V,</strong></span> <span class='ocrx_word' id='word_1_112' title='bbox 984 1584 1015 1643; x_wconf 85' lang='lat' dir='ltr'><strong>p.</strong></span> <span class='ocrx_word' id='word_1_113' title='bbox 1034 1563 1102 1623; x_wconf 84' lang='grc'><strong>133.</strong></span> <span class='ocrx_word' id='word_1_114' title='bbox 1118 1597 1160 1609; x_wconf 93' lang='lat'><strong>·—</strong></span> <span class='ocrx_word' id='word_1_115' title='bbox 1175 1565 1240 1626; x_wconf 80' lang='lat' dir='ltr'><strong>Sat.</strong></span> <span class='ocrx_word' id='word_1_116' title='bbox 1258 1567 1313 1628; x_wconf 91' lang='lat' dir='ltr'><strong>VI.</strong></span> <span class='ocrx_word' id='word_1_117' title='bbox 1329 1567 1348 1627; x_wconf 81' lang='lat'>9</span> 
     </span>
     <span class='ocr_line' id='line_1_14' title="bbox 367 1647 1348 1731; baseline 0.008 -28"><span class='ocrx_word' id='word_1_118' title='bbox 367 1651 517 1721; x_wconf 61' lang='lat' dir='ltr'><strong>soporem</strong></span> <span class='ocrx_word' id='word_1_119' title='bbox 527 1667 582 1725; x_wconf 88' lang='lat' dir='ltr'><strong>pro</strong></span> <span class='ocrx_word' id='word_1_120' title='bbox 597 1664 760 1720; x_wconf 72' lang='lat' dir='ltr'><strong>coynosccrc</strong></span> <span class='ocrx_word' id='word_1_121' title='bbox 768 1666 836 1705; x_wconf 91' lang='lat' dir='ltr'><strong>cum</strong></span> <span class='ocrx_word' id='word_1_122' title='bbox 848 1647 953 1706; x_wconf 87' lang='lat' dir='ltr'><strong>eodem</strong></span> <span class='ocrx_word' id='word_1_123' title='bbox 966 1647 1071 1726; x_wconf 82' lang='lat' dir='ltr'><strong>recepi</strong></span> <span class='ocrx_word' id='word_1_124' title='bbox 1081 1656 1205 1728; x_wconf 88' lang='lat' dir='ltr'><strong>propter</strong></span> <span class='ocrx_word' id='word_1_125' title='bbox 1216 1670 1348 1731; x_wconf 85' lang='lat' dir='ltr'><strong>sequens</strong></span> 
     </span>
     <span class='ocr_line' id='line_1_15' title="bbox 295 1729 1348 1815; baseline 0.005 -27"><span class='ocrx_word' id='word_1_126' title='bbox 295 1800 299 1813; x_wconf 44' lang='grc' dir='ltr'><strong><em>Ι</em></strong></span> <span class='ocrx_word' id='word_1_127' title='bbox 363 1732 450 1806; x_wconf 76' lang='lat' dir='ltr'><strong>jubet,</strong></span> <span class='ocrx_word' id='word_1_128' title='bbox 465 1729 547 1809; x_wconf 87' lang='lat' dir='ltr'><strong>quod</strong></span> <span class='ocrx_word' id='word_1_129' title='bbox 560 1730 773 1808; x_wconf 82' lang='lat' dir='ltr'><strong>imperativum</strong></span> <span class='ocrx_word' id='word_1_130' title='bbox 786 1731 925 1808; x_wconf 80' lang='lat' dir='ltr'><strong>respicit3</strong></span> <span class='ocrx_word' id='word_1_131' title='bbox 943 1729 1055 1789; x_wconf 85' lang='lat' dir='ltr'><strong>ibidem</strong></span> <span class='ocrx_word' id='word_1_132' title='bbox 1069 1751 1143 1791; x_wconf 85' lang='lat' dir='ltr'><strong>vero</strong></span> <span class='ocrx_word' id='word_1_133' title='bbox 1155 1752 1186 1791; x_wconf 86' lang='lat' dir='ltr'><strong>v.</strong></span> <span class='ocrx_word' id='word_1_134' title='bbox 1205 1731 1224 1792; x_wconf 91' lang='grc'><strong>6</strong></span> <span class='ocrx_word' id='word_1_135' title='bbox 1238 1734 1348 1815; x_wconf 89' lang='lat' dir='ltr'><strong>quode</strong></span> 
     </span>
     <span class='ocr_line' id='line_1_16' title="bbox 369 1811 1348 1894; baseline 0.004 -21"><span class='ocrx_word' id='word_1_136' title='bbox 369 1812 474 1873; x_wconf 90' lang='lat' dir='ltr'><strong>codice</strong></span> <span class='ocrx_word' id='word_1_137' title='bbox 491 1811 590 1890; x_wconf 84' lang='lat' dir='ltr'><strong>Lugd.</strong></span> <span class='ocrx_word' id='word_1_138' title='bbox 617 1812 724 1892; x_wconf 80' lang='lat' dir='ltr'><strong>scripsi</strong></span> <span class='ocrx_word' id='word_1_139' title='bbox 737 1830 825 1871; x_wconf 78' lang='lat' dir='ltr'><strong>senex</strong></span> <span class='ocrx_word' id='word_1_140' title='bbox 838 1833 893 1891; x_wconf 91' lang='lat' dir='ltr'><strong>pro</strong></span> <span class='ocrx_word' id='word_1_141' title='bbox 907 1831 1002 1885; x_wconf 81' lang='lat' dir='ltr'><strong>senes,</strong></span> <span class='ocrx_word' id='word_1_142' title='bbox 1016 1815 1155 1893; x_wconf 87' lang='lat' dir='ltr'><strong>superius</strong></span> <span class='ocrx_word' id='word_1_143' title='bbox 1174 1817 1241 1894; x_wconf 88' lang='lat' dir='ltr'><strong>jam</strong></span> <span class='ocrx_word' id='word_1_144' title='bbox 1256 1819 1348 1877; x_wconf 87' lang='lat' dir='ltr'><strong>tuitus</strong></span> 
     </span>
     <span class='ocr_line' id='line_1_17' title="bbox 369 1896 1346 1981; baseline 0.004 -25"><span class='ocrx_word' id='word_1_145' title='bbox 369 1917 443 1971; x_wconf 88' lang='lat' dir='ltr'><strong>sum,</strong></span> <span class='ocrx_word' id='word_1_146' title='bbox 458 1916 517 1956; x_wconf 88' lang='lat' dir='ltr'><strong>neo</strong></span> <span class='ocrx_word' id='word_1_147' title='bbox 531 1897 795 1976; x_wconf 82' lang='lat' dir='ltr'><strong>transpositionem</strong></span> <span class='ocrx_word' id='word_1_148' title='bbox 809 1896 1065 1957; x_wconf 83' lang='lat' dir='ltr'><strong>hemistichiorum</strong></span> <span class='ocrx_word' id='word_1_149' title='bbox 1082 1918 1112 1957; x_wconf 84' lang='lat' dir='ltr'><strong>v.</strong></span> <span class='ocrx_word' id='word_1_150' title='bbox 1129 1896 1168 1958; x_wconf 83' lang='lat'><strong>37</strong></span> <span class='ocrx_word' id='word_1_151' title='bbox 1186 1908 1217 1959; x_wconf 88' lang='lat' dir='ltr'><strong>et</strong></span> <span class='ocrx_word' id='word_1_152' title='bbox 1230 1901 1268 1960; x_wconf 87' lang='grc'><strong>41</strong></span> <span class='ocrx_word' id='word_1_153' title='bbox 1282 1901 1346 1981; x_wconf 89' lang='lat' dir='ltr'><strong>plu·</strong></span> 
     </span>
     <span class='ocr_line' id='line_1_18' title="bbox 368 1979 1347 2061; baseline 0.003 -21"><span class='ocrx_word' id='word_1_154' title='bbox 368 1979 451 2040; x_wconf 87' lang='lat' dir='ltr'><strong>ribus</strong></span> <span class='ocrx_word' id='word_1_155' title='bbox 467 1980 677 2040; x_wconf 87' lang='lat' dir='ltr'><strong>commendare</strong></span> <span class='ocrx_word' id='word_1_156' title='bbox 687 1979 772 2054; x_wconf 87' lang='lat' dir='ltr'><strong>libet,</strong></span> <span class='ocrx_word' id='word_1_157' title='bbox 785 1999 875 2060; x_wconf 88' lang='lat' dir='ltr'><strong>quam</strong></span> <span class='ocrx_word' id='word_1_158' title='bbox 890 2000 969 2061; x_wconf 86' lang='lat' dir='ltr'><strong>quae</strong></span> <span class='ocrx_word' id='word_1_159' title='bbox 984 1982 1017 2040; x_wconf 91' lang='lat' dir='ltr'><strong>in</strong></span> <span class='ocrx_word' id='word_1_160' title='bbox 1028 1980 1157 2042; x_wconf 86' lang='lat' dir='ltr'><strong>eandem</strong></span> <span class='ocrx_word' id='word_1_161' title='bbox 1168 1985 1347 2043; x_wconf 77' lang='lat' dir='ltr'><strong>sententiam</strong></span> 
     </span>
     <span class='ocr_line' id='line_1_19' title="bbox 365 2063 1347 2144; baseline 0.001 -20"><span class='ocrx_word' id='word_1_162' title='bbox 365 2066 431 2144; x_wconf 85' lang='lat' dir='ltr'><strong>jem</strong></span> <span class='ocrx_word' id='word_1_163' title='bbox 444 2065 530 2124; x_wconf 87' lang='lat' dir='ltr'><strong>Lect.</strong></span> <span class='ocrx_word' id='word_1_164' title='bbox 545 2064 586 2137; x_wconf 89' lang='lat' dir='ltr'><strong>H,</strong></span> <span class='ocrx_word' id='word_1_165' title='bbox 603 2084 634 2143; x_wconf 88' lang='lat' dir='ltr'><strong>p.</strong></span> <span class='ocrx_word' id='word_1_166' title='bbox 653 2063 689 2123; x_wconf 89' lang='grc'><strong>61</strong></span> <span class='ocrx_word' id='word_1_167' title='bbox 710 2063 872 2144; x_wconf 82' lang='lat' dir='ltr'><strong>disputavi.</strong></span> <span class='ocrx_word' id='word_1_168' title='bbox 901 2065 1004 2125; x_wconf 89' lang='lat' dir='ltr'><strong>Unum</strong></span> <span class='ocrx_word' id='word_1_169' title='bbox 1018 2064 1106 2138; x_wconf 88' lang='lat' dir='ltr'><strong>addo,</strong></span> <span class='ocrx_word' id='word_1_170' title='bbox 1122 2066 1258 2144; x_wconf 87' lang='lat' dir='ltr'><strong>potuisse</strong></span> <span class='ocrx_word' id='word_1_171' title='bbox 1274 2086 1347 2127; x_wconf 85' lang='lat' dir='ltr'><strong>sene</strong></span> 
     </span>
     <span class='ocr_line' id='line_1_20' title="bbox 369 2149 1347 2230; baseline 0.001 -22"><span class='ocrx_word' id='word_1_172' title='bbox 369 2149 461 2208; x_wconf 91' lang='lat' dir='ltr'><strong>etiam</strong></span> <span class='ocrx_word' id='word_1_173' title='bbox 482 2150 661 2206; x_wconf 65' lang='lat' dir='ltr'><strong>succurere</strong></span> <span class='ocrx_word' id='word_1_174' title='bbox 681 2152 795 2207; x_wconf 75' lang='lat' dir='ltr'><strong>ulterior</strong></span> <span class='ocrx_word' id='word_1_175' title='bbox 814 2158 933 2215; x_wconf 69' lang='lat' dir='ltr'><strong>metuam</strong></span> <span class='ocrx_word' id='word_1_176' title='bbox 952 2157 982 2206; x_wconf 82' lang='lat' dir='ltr'><strong>ut</strong></span> <span class='ocrx_word' id='word_1_177' title='bbox 999 2157 1028 2208; x_wconf 78' lang='lat' dir='ltr'><strong>tu</strong></span> <span class='ocrx_word' id='word_1_178' title='bbox 1040 2166 1116 2207; x_wconf 76' lang='lat' dir='ltr'><strong>meur</strong></span> <span class='ocrx_word' id='word_1_179' title='bbox 1134 2151 1215 2208; x_wconf 73' lang='lat' dir='ltr'><strong>herm</strong></span> <span class='ocrx_word' id='word_1_180' title='bbox 1229 2150 1347 2230; x_wconf 89' lang='lat' dir='ltr'><strong>abipso</strong></span> 
     </span>
     <span class='ocr_line' id='line_1_21' title="bbox 369 2231 1346 2306; baseline 0.001 -15"><span class='ocrx_word' id='word_1_181' title='bbox 369 2231 475 2292; x_wconf 88' lang='lat' dir='ltr'><strong>Persio</strong></span> <span class='ocrx_word' id='word_1_182' title='bbox 492 2232 675 2306; x_wconf 85' lang='lat' dir='ltr'><strong>continuari,</strong></span> <span class='ocrx_word' id='word_1_183' title='bbox 695 2231 751 2292; x_wconf 90' lang='lat' dir='ltr'><strong>sed</strong></span> <span class='ocrx_word' id='word_1_184' title='bbox 771 2233 887 2292; x_wconf 90' lang='lat' dir='ltr'><strong>omissis</strong></span> <span class='ocrx_word' id='word_1_185' title='bbox 908 2240 1024 2293; x_wconf 85' lang='lat' dir='ltr'><strong>tantum</strong></span> <span class='ocrx_word' id='word_1_186' title='bbox 1043 2232 1182 2291; x_wconf 87' lang='lat' dir='ltr'><strong>versibus</strong></span> <span class='ocrx_word' id='word_1_187' title='bbox 1204 2231 1346 2306; x_wconf 81' lang='lat'><strong>37-40‚</strong></span> 
     </span>
     <span class='ocr_line' id='line_1_22' title="bbox 371 2315 1343 2396; baseline -0.001 -21"><span class='ocrx_word' id='word_1_188' title='bbox 371 2317 423 2396; x_wconf 88' lang='lat' dir='ltr'><strong>qui</strong></span> <span class='ocrx_word' id='word_1_189' title='bbox 436 2315 519 2375; x_wconf 90' lang='lat' dir='ltr'><strong>haud</strong></span> <span class='ocrx_word' id='word_1_190' title='bbox 533 2317 595 2376; x_wconf 86' lang='lat' dir='ltr'><strong>ecio</strong></span> <span class='ocrx_word' id='word_1_191' title='bbox 611 2335 651 2374; x_wconf 86' lang='lat' dir='ltr'><strong>an</strong></span> <span class='ocrx_word' id='word_1_192' title='bbox 664 2315 814 2394; x_wconf 87' lang='lat' dir='ltr'><strong>posterius</strong></span> <span class='ocrx_word' id='word_1_193' title='bbox 838 2315 956 2375; x_wconf 89' lang='lat' dir='ltr'><strong>demum</strong></span> <span class='ocrx_word' id='word_1_194' title='bbox 971 2315 1011 2375; x_wconf 89' lang='lat' dir='ltr'><strong>ad</strong></span> <span class='ocrx_word' id='word_1_195' title='bbox 1030 2315 1111 2375; x_wconf 89' lang='lat' dir='ltr'><strong>hunc</strong></span> <span class='ocrx_word' id='word_1_196' title='bbox 1131 2316 1233 2376; x_wconf 90' lang='lat' dir='ltr'><strong>locum</strong></span> <span class='ocrx_word' id='word_1_197' title='bbox 1245 2334 1343 2376; x_wconf 87' lang='lat' dir='ltr'><strong>acces-</strong></span> 
     </span>
     <span class='ocr_line' id='line_1_23' title="bbox 370 2399 1346 2478; baseline -0.001 -17"><span class='ocrx_word' id='word_1_198' title='bbox 370 2401 479 2476; x_wconf 87' lang='lat' dir='ltr'><strong>serint;</strong></span> <span class='ocrx_word' id='word_1_199' title='bbox 505 2399 598 2459; x_wconf 90' lang='lat' dir='ltr'><strong>iidem</strong></span> <span class='ocrx_word' id='word_1_200' title='bbox 623 2407 726 2458; x_wconf 88' lang='lat' dir='ltr'><strong>tamen</strong></span> <span class='ocrx_word' id='word_1_201' title='bbox 753 2418 844 2478; x_wconf 91' lang='lat' dir='ltr'><strong>quum</strong></span> <span class='ocrx_word' id='word_1_202' title='bbox 873 2399 1069 2459; x_wconf 83' lang='lat' dir='ltr'><strong>certissimam</strong></span> <span class='ocrx_word' id='word_1_203' title='bbox 1092 2407 1203 2477; x_wconf 87' lang='lat' dir='ltr'><strong>poetae</strong></span> <span class='ocrx_word' id='word_1_204' title='bbox 1228 2419 1346 2460; x_wconf 89' lang='lat' dir='ltr'><strong>manum</strong></span> 
     </span>
     <span class='ocr_line' id='line_1_24' title="bbox 369 2481 1357 2561; baseline 0 -21"><span class='ocrx_word' id='word_1_205' title='bbox 369 2501 492 2561; x_wconf 86' lang='lat' dir='ltr'><strong>praese</strong></span> <span class='ocrx_word' id='word_1_206' title='bbox 507 2482 621 2553; x_wconf 82' lang='lat' dir='ltr'><strong>ferant,</strong></span> <span class='ocrx_word' id='word_1_207' title='bbox 638 2481 718 2539; x_wconf 92' lang='lat' dir='ltr'><strong>huuc</strong></span> <span class='ocrx_word' id='word_1_208' title='bbox 738 2481 837 2559; x_wconf 90' lang='lat' dir='ltr'><strong>ipsum</strong></span> <span class='ocrx_word' id='word_1_209' title='bbox 858 2482 1049 2541; x_wconf 88' lang='lat' dir='ltr'><strong>statuendum</strong></span> <span class='ocrx_word' id='word_1_210' title='bbox 1071 2490 1117 2541; x_wconf 85' lang='lat' dir='ltr'><strong>est</strong></span> <span class='ocrx_word' id='word_1_211' title='bbox 1137 2481 1267 2560; x_wconf 84' lang='lat' dir='ltr'><strong>adjectis</strong></span> <span class='ocrx_word' id='word_1_212' title='bbox 1288 2482 1357 2557; x_wconf 57' lang='lat' dir='ltr'><strong>illis,</strong></span> 
     </span>
     <span class='ocr_line' id='line_1_25' title="bbox 371 2563 1348 2648; baseline 0.001 -25"><span class='ocrx_word' id='word_1_213' title='bbox 371 2582 438 2623; x_wconf 82' lang='lat' dir='ltr'><strong>enm</strong></span> <span class='ocrx_word' id='word_1_214' title='bbox 452 2563 552 2641; x_wconf 89' lang='lat' dir='ltr'><strong>potius</strong></span> <span class='ocrx_word' id='word_1_215' title='bbox 567 2563 784 2621; x_wconf 87' lang='lat' dir='ltr'><strong>sententiarum</strong></span> <span class='ocrx_word' id='word_1_216' title='bbox 798 2564 934 2624; x_wconf 90' lang='lat' dir='ltr'><strong>ordinem</strong></span> <span class='ocrx_word' id='word_1_217' title='bbox 948 2567 1096 2625; x_wconf 87' lang='lat' dir='ltr'><strong>exsistere</strong></span> <span class='ocrx_word' id='word_1_218' title='bbox 1107 2566 1252 2641; x_wconf 85' lang='lat' dir='ltr'><strong>voluisse,</strong></span> <span class='ocrx_word' id='word_1_219' title='bbox 1261 2586 1348 2648; x_wconf 88' lang='lat' dir='ltr'><strong>quem</strong></span> 
     </span>
     <span class='ocr_line' id='line_1_26' title="bbox 371 2645 1347 2724; baseline 0 -18"><span class='ocrx_word' id='word_1_220' title='bbox 371 2645 556 2724; x_wconf 83' lang='lat' dir='ltr'><strong>singularum</strong></span> <span class='ocrx_word' id='word_1_221' title='bbox 571 2664 655 2704; x_wconf 84' lang='lat' dir='ltr'><strong>nexu</strong></span> <span class='ocrx_word' id='word_1_222' title='bbox 670 2654 817 2722; x_wconf 82' lang='lat' dir='ltr'><strong>arguente</strong></span> <span class='ocrx_word' id='word_1_223' title='bbox 834 2647 961 2707; x_wconf 88' lang='lat' dir='ltr'><strong>restitui.</strong></span> <span class='ocrx_word' id='word_1_224' title='bbox 977 2681 1018 2691; x_wconf 89' lang='lat'>—</span> <span class='ocrx_word' id='word_1_225' title='bbox 1033 2649 1071 2706; x_wconf 91' lang='lat' dir='ltr'><strong>V.</strong></span> <span class='ocrx_word' id='word_1_226' title='bbox 1088 2648 1124 2708; x_wconf 90' lang='grc'><strong>61</strong></span> <span class='ocrx_word' id='word_1_227' title='bbox 1142 2667 1249 2722; x_wconf 79' lang='lat' dir='ltr'><strong>poscas</strong></span> <span class='ocrx_word' id='word_1_228' title='bbox 1262 2651 1347 2710; x_wconf 87' lang='lat' dir='ltr'><strong>Lect.</strong></span> 
     </span>
     <span class='ocr_line' id='line_1_27' title="bbox 283 2726 1349 2810; baseline 0.002 -21"><span class='ocrx_word' id='word_1_229' title='bbox 283 2735 288 2746; x_wconf 85' lang='grc'><em>“</em></span> <span class='ocrx_word' id='word_1_230' title='bbox 369 2729 479 2809; x_wconf 83' lang='lat' dir='ltr'><strong>111‚p.</strong></span> <span class='ocrx_word' id='word_1_231' title='bbox 499 2726 555 2805; x_wconf 76' lang='lat'><strong>333</strong></span> <span class='ocrx_word' id='word_1_232' title='bbox 573 2733 667 2802; x_wconf 81' lang='lat' dir='ltr'><strong>poscis</strong></span> <span class='ocrx_word' id='word_1_233' title='bbox 683 2728 791 2805; x_wconf 83' lang='lat' dir='ltr'><strong>Jahn.;</strong></span> <span class='ocrx_word' id='word_1_234' title='bbox 810 2738 842 2790; x_wconf 88' lang='lat' dir='ltr'><strong>et</strong></span> <span class='ocrx_word' id='word_1_235' title='bbox 863 2731 977 2810; x_wconf 81' lang='lat' dir='ltr'><strong>colligit</strong></span> <span class='ocrx_word' id='word_1_236' title='bbox 997 2740 1114 2791; x_wconf 87' lang='lat' dir='ltr'><strong>tantum</strong></span> <span class='ocrx_word' id='word_1_237' title='bbox 1134 2733 1258 2792; x_wconf 89' lang='lat' dir='ltr'><strong>Persius</strong></span> <span class='ocrx_word' id='word_1_238' title='bbox 1284 2733 1349 2793; x_wconf 87' lang='lat' dir='ltr'><strong>fieri</strong></span> 
     </span>
     <span class='ocr_line' id='line_1_28' title="bbox 370 2812 1349 2896; baseline 0.003 -24"><span class='ocrx_word' id='word_1_239' title='bbox 370 2833 460 2892; x_wconf 88' lang='lat' dir='ltr'><strong>posse</strong></span> <span class='ocrx_word' id='word_1_240' title='bbox 486 2820 520 2870; x_wconf 86' lang='lat' dir='ltr'><strong>ut</strong></span> <span class='ocrx_word' id='word_1_241' title='bbox 543 2812 621 2871; x_wconf 86' lang='lat' dir='ltr'><strong>alter</strong></span> <span class='ocrx_word' id='word_1_242' title='bbox 644 2812 683 2871; x_wconf 92' lang='lat' dir='ltr'><strong>ad</strong></span> <span class='ocrx_word' id='word_1_243' title='bbox 709 2813 801 2872; x_wconf 89' lang='lat' dir='ltr'><strong>talem</strong></span> <span class='ocrx_word' id='word_1_244' title='bbox 827 2815 1043 2896; x_wconf 89' lang='lat' dir='ltr'><strong>impudentiam</strong></span> <span class='ocrx_word' id='word_1_245' title='bbox 1064 2816 1286 2896; x_wconf 84' lang='lat' dir='ltr'><strong>progrediatur.</strong></span> <span class='ocrx_word' id='word_1_246' title='bbox 1308 2849 1349 2859; x_wconf 94' lang='lat'>-</span> 
     </span>
     <span class='ocr_line' id='line_1_29' title="bbox 368 2893 1349 2979; baseline 0.001 -24"><span class='ocrx_word' id='word_1_247' title='bbox 368 2896 406 2955; x_wconf 86' lang='lat' dir='ltr'><strong>V.</strong></span> <span class='ocrx_word' id='word_1_248' title='bbox 422 2893 463 2954; x_wconf 89' lang='grc'><strong>66</strong></span> <span class='ocrx_word' id='word_1_249' title='bbox 481 2913 583 2971; x_wconf 76' lang='lat' dir='ltr'><strong>repone</strong></span> <span class='ocrx_word' id='word_1_250' title='bbox 600 2899 771 2977; x_wconf 85' lang='lat' dir='ltr'><strong>elegantius</strong></span> <span class='ocrx_word' id='word_1_251' title='bbox 786 2899 892 2979; x_wconf 87' lang='lat' dir='ltr'><strong>utique</strong></span> <span class='ocrx_word' id='word_1_252' title='bbox 911 2906 957 2958; x_wconf 88' lang='lat' dir='ltr'><strong>est</strong></span> <span class='ocrx_word' id='word_1_253' title='bbox 972 2919 1062 2979; x_wconf 91' lang='lat' dir='ltr'><strong>quam</strong></span> <span class='ocrx_word' id='word_1_254' title='bbox 1077 2915 1201 2972; x_wconf 82' lang='lat' dir='ltr'><strong>oppone,-</strong></span> <span class='ocrx_word' id='word_1_255' title='bbox 1225 2898 1298 2957; x_wconf 89' lang='lat' dir='ltr'><strong>item</strong></span> <span class='ocrx_word' id='word_1_256' title='bbox 1317 2907 1349 2958; x_wconf 88' lang='lat' dir='ltr'><strong>ut</strong></span> 
     </span>
     <span class='ocr_line' id='line_1_30' title="bbox 369 2977 1349 3062; baseline 0.004 -25"><span class='ocrx_word' id='word_1_257' title='bbox 369 2979 476 3058; x_wconf 88' lang='lat' dir='ltr'><strong>opinor</strong></span> <span class='ocrx_word' id='word_1_258' title='bbox 493 2999 523 3038; x_wconf 89' lang='lat' dir='ltr'><strong>v.</strong></span> <span class='ocrx_word' id='word_1_259' title='bbox 540 2977 580 3039; x_wconf 89' lang='grc'><strong>69</strong></span> <span class='ocrx_word' id='word_1_260' title='bbox 594 2991 729 3056; x_wconf 81' lang='lat' dir='ltr'><strong>coquatur</strong></span> <span class='ocrx_word' id='word_1_261' title='bbox 750 3002 842 3061; x_wconf 90' lang='lat' dir='ltr'><strong>quarn</strong></span> <span class='ocrx_word' id='word_1_262' title='bbox 866 2991 1011 3057; x_wconf 72' lang='lat' dir='ltr'><strong>coquetur,</strong></span> <span class='ocrx_word' id='word_1_263' title='bbox 1038 3001 1165 3062; x_wconf 90' lang='lat' dir='ltr'><strong>quorum</strong></span> <span class='ocrx_word' id='word_1_264' title='bbox 1188 2989 1349 3061; x_wconf 89' lang='lat' dir='ltr'><strong>utrumque</strong></span> 
     </span>
    </p>
   </div>
   <div class='ocr_carea' id='block_1_3' title="bbox 368 3062 1347 3219">
    <p class='ocr_par' dir='ltr' id='par_1_3' title="bbox 368 3062 1347 3219">
     <span class='ocr_line' id='line_1_31' title="bbox 368 3062 1347 3143; baseline 0.002 -21"><span class='ocrx_word' id='word_1_265' title='bbox 368 3062 500 3122; x_wconf 63' lang='lat' dir='ltr'><strong>«Iahnius</strong></span> <span class='ocrx_word' id='word_1_266' title='bbox 520 3064 587 3140; x_wconf 89' lang='lat' dir='ltr'><strong>ipse</strong></span> <span class='ocrx_word' id='word_1_267' title='bbox 611 3066 644 3122; x_wconf 89' lang='lat' dir='ltr'><strong>in</strong></span> <span class='ocrx_word' id='word_1_268' title='bbox 664 3066 821 3143; x_wconf 86' lang='lat' dir='ltr'><strong>superiore</strong></span> <span class='ocrx_word' id='word_1_269' title='bbox 851 3065 983 3125; x_wconf 87' lang='lat' dir='ltr'><strong>editione</strong></span> <span class='ocrx_word' id='word_1_270' title='bbox 1006 3066 1210 3142; x_wconf 77' lang='lat' dir='ltr'><strong>praetulerat3</strong></span> <span class='ocrx_word' id='word_1_271' title='bbox 1237 3084 1296 3124; x_wconf 90' lang='lat' dir='ltr'><strong>nec</strong></span> <span class='ocrx_word' id='word_1_272' title='bbox 1317 3086 1347 3124; x_wconf 85' lang='lat' dir='ltr'><strong>v.</strong></span> 
     </span>
     <span class='ocr_line' id='line_1_32' title="bbox 369 3142 1345 3219; baseline -0.001 -16"><span class='ocrx_word' id='word_1_273' title='bbox 369 3143 409 3204; x_wconf 83' lang='lat'><strong>79</strong></span> <span class='ocrx_word' id='word_1_274' title='bbox 424 3147 548 3219; x_wconf 73' lang='lat' dir='ltr'><strong>depunpe</strong></span> <span class='ocrx_word' id='word_1_275' title='bbox 564 3152 616 3202; x_wconf 88' lang='lat' dir='ltr'><strong>aut</strong></span> <span class='ocrx_word' id='word_1_276' title='bbox 631 3162 650 3201; x_wconf 87' lang='lat' dir='ltr'><strong>a</strong></span> <span class='ocrx_word' id='word_1_277' title='bbox 668 3142 753 3201; x_wconf 87' lang='lat' dir='ltr'><strong>libris</strong></span> <span class='ocrx_word' id='word_1_278' title='bbox 771 3153 824 3202; x_wconf 87' lang='lat' dir='ltr'><strong>ant</strong></span> <span class='ocrx_word' id='word_1_279' title='bbox 845 3164 863 3201; x_wconf 89' lang='lat' dir='ltr'><strong>a</strong></span> <span class='ocrx_word' id='word_1_280' title='bbox 878 3165 969 3203; x_wconf 88' lang='lat' dir='ltr'><strong>sensu</strong></span> <span class='ocrx_word' id='word_1_281' title='bbox 983 3145 1061 3203; x_wconf 89' lang='lat' dir='ltr'><strong>adeo</strong></span> <span class='ocrx_word' id='word_1_282' title='bbox 1080 3144 1282 3204; x_wconf 84' lang='lat' dir='ltr'><strong>commendari</strong></span> <span class='ocrx_word' id='word_1_283' title='bbox 1299 3163 1345 3202; x_wconf 89' lang='lat' dir='ltr'><strong>ar-</strong></span> 
     </span>
    </p>
   </div>
   <div class='ocr_carea' id='block_1_4' title="bbox 367 3225 1347 3556">
    <p class='ocr_par' dir='ltr' id='par_1_4' title="bbox 367 3225 1347 3556">
     <span class='ocr_line' id='line_1_33' title="bbox 367 3225 1346 3302; baseline -0.003 -15"><span class='ocrx_word' id='word_1_284' title='bbox 367 3228 477 3302; x_wconf 89' lang='lat' dir='ltr'><strong>bitror,</strong></span> <span class='ocrx_word' id='word_1_285' title='bbox 498 3236 532 3286; x_wconf 90' lang='lat' dir='ltr'><strong>ut</strong></span> <span class='ocrx_word' id='word_1_286' title='bbox 546 3227 598 3286; x_wconf 83' lang='lat' dir='ltr'><strong>vel</strong></span> <span class='ocrx_word' id='word_1_287' title='bbox 612 3226 670 3285; x_wconf 91' lang='lat' dir='ltr'><strong>hac</strong></span> <span class='ocrx_word' id='word_1_288' title='bbox 691 3226 723 3284; x_wconf 93' lang='lat' dir='ltr'><strong>in</strong></span> <span class='ocrx_word' id='word_1_289' title='bbox 745 3246 821 3285; x_wconf 85' lang='lat' dir='ltr'><strong>voce</strong></span> <span class='ocrx_word' id='word_1_290' title='bbox 842 3225 1029 3287; x_wconf 80' lang='lat' dir='ltr'><strong>Scholiorum</strong></span> <span class='ocrx_word' id='word_1_291' title='bbox 1045 3229 1255 3287; x_wconf 86' lang='lat' dir='ltr'><strong>auctoritatem</strong></span> <span class='ocrx_word' id='word_1_292' title='bbox 1272 3227 1346 3286; x_wconf 90' lang='lat' dir='ltr'><strong>Ber-</strong></span> 
     </span>
     <span class='ocr_line' id='line_1_34' title="bbox 370 3309 1347 3389; baseline -0.002 -18"><span class='ocrx_word' id='word_1_293' title='bbox 370 3312 527 3387; x_wconf 86' lang='lat' dir='ltr'><strong>cinonensi¹</strong></span> <span class='ocrx_word' id='word_1_294' title='bbox 553 3310 687 3370; x_wconf 87' lang='lat' dir='ltr'><strong>familiae</strong></span> <span class='ocrx_word' id='word_1_295' title='bbox 717 3309 928 3389; x_wconf 81' lang='lat' dir='ltr'><strong>posthabeam3</strong></span> <span class='ocrx_word' id='word_1_296' title='bbox 959 3311 1082 3388; x_wconf 91' lang='lat' dir='ltr'><strong>reposui</strong></span> <span class='ocrx_word' id='word_1_297' title='bbox 1109 3311 1200 3386; x_wconf 87' lang='lat' dir='ltr'><strong>igitur</strong></span> <span class='ocrx_word' id='word_1_298' title='bbox 1224 3315 1347 3386; x_wconf 56' lang='lat' dir='ltr'><strong>dapium,</strong></span> 
     </span>
     <span class='ocr_line' id='line_1_35' title="bbox 370 3393 1347 3475; baseline -0.004 -20"><span class='ocrx_word' id='word_1_299' title='bbox 370 3394 452 3475; x_wconf 90' lang='lat' dir='ltr'><strong>quod</strong></span> <span class='ocrx_word' id='word_1_300' title='bbox 464 3414 552 3455; x_wconf 92' lang='lat' dir='ltr'><strong>nemo</strong></span> <span class='ocrx_word' id='word_1_301' title='bbox 568 3395 625 3454; x_wconf 85' lang='lat' dir='ltr'><strong>erit</strong></span> <span class='ocrx_word' id='word_1_302' title='bbox 642 3393 715 3474; x_wconf 90' lang='lat' dir='ltr'><strong>quin</strong></span> <span class='ocrx_word' id='word_1_303' title='bbox 728 3413 809 3452; x_wconf 87' lang='lat' dir='ltr'><strong>nune</strong></span> <span class='ocrx_word' id='word_1_304' title='bbox 824 3401 857 3451; x_wconf 88' lang='lat' dir='ltr'><strong>ut</strong></span> <span class='ocrx_word' id='word_1_305' title='bbox 870 3394 945 3454; x_wconf 88' lang='lat' dir='ltr'><strong>alias</strong></span> <span class='ocrx_word' id='word_1_306' title='bbox 961 3413 1015 3473; x_wconf 90' lang='lat' dir='ltr'><strong>pro</strong></span> <span class='ocrx_word' id='word_1_307' title='bbox 1036 3395 1158 3450; x_wconf 75' lang='lat' dir='ltr'><strong>describe</strong></span> <span class='ocrx_word' id='word_1_308' title='bbox 1173 3393 1285 3454; x_wconf 87' lang='lat' dir='ltr'><strong>dictum</strong></span> <span class='ocrx_word' id='word_1_309' title='bbox 1303 3393 1347 3452; x_wconf 83' lang='lat' dir='ltr'><strong>fa-</strong></span> 
     </span>
     <span class='ocr_line' id='line_1_36' title="bbox 370 3478 603 3556; baseline -0.004 -19"><span class='ocrx_word' id='word_1_310' title='bbox 370 3479 428 3538; x_wconf 89' lang='lat' dir='ltr'><strong>cile</strong></span> <span class='ocrx_word' id='word_1_311' title='bbox 443 3478 603 3556; x_wconf 83' lang='lat' dir='ltr'><strong>intelligat.</strong></span> 
     </span>
    </p>
   </div>
   <div class='ocr_carea' id='block_1_5' title="bbox 454 3544 1176 3657">
    <p class='ocr_par' dir='ltr' id='par_1_5' title="bbox 454 3544 1176 3657">
     <span class='ocr_line' id='line_1_37' title="bbox 454 3544 1176 3657; baseline -0.003 -22"><span class='ocrx_word' id='word_1_312' title='bbox 454 3544 890 3657; x_wconf 64' lang='lat' dir='ltr'><strong>scr.‚o0uugsos.n.1unj</strong></span> <span class='ocrx_word' id='word_1_313' title='bbox 904 3595 932 3632; x_wconf 68' lang='lat' dir='ltr'><strong>a.</strong></span> <span class='ocrx_word' id='word_1_314' title='bbox 949 3572 1176 3635; x_wconf 81' lang='lat' dir='ltr'><strong>umooourv.</strong></span> 
     </span>
    </p>
   </div>
   <div class='ocr_carea' id='block_1_6' title="bbox 743 3867 970 3881">
    <p class='ocr_par' dir='ltr' id='par_1_6' title="bbox 743 3867 970 3881">
     <span class='ocr_line' id='line_1_38' title="bbox 743 3867 970 3881; baseline -0.004 -6"><span class='ocrx_word' id='word_1_315' title='bbox 743 3867 970 3881; x_wconf 50' lang='lat'><strong>*---...--.--</strong></span> 
     </span>
    </p>
   </div>
   <div class='ocr_carea' id='block_1_7' title="bbox 0 0 1638 4409">
    <p class='ocr_par' dir='ltr' id='par_1_7' title="bbox 0 0 1638 4409">
     <span class='ocr_line' id='line_1_39' title="bbox 0 0 1638 4409; baseline 0 0"><span class='ocrx_word' id='word_1_316' title='bbox 0 0 1638 4409; x_wconf 95' lang='lat' dir='ltr'><strong> </strong></span> 
     </span>
    </p>
   </div>
  </div>
 </body>
</html>
