3267 4409
325 485 389 549 aaa
647 446 1043 551 nummarium

772 688 912 752 XXXVI.

412 804 520 864 Libros
535 807 695 881 quattuor,
713 807 764 861 aut
779 792 853 861 duas
868 802 964 862 amico

410 887 635 966 Algentemque
649 891 750 964 togam
764 888 951 964 brevemque
966 885 1102 967 laeuam,

409 969 567 1032 Interdum
582 968 722 1029 aureolos
737 988 827 1027 manu
842 976 1022 1049 crepantes,

409 1055 534 1115 Possint
551 1053 665 1113 ducere
682 1053 734 1130 qui
750 1051 824 1112 duas
838 1052 1008 1132 Kalendas,

389 1138 500 1214 5Quod
514 1156 621 1214 nemo,
643 1137 703 1196 nisi
717 1142 767 1214 tu,
787 1136 932 1227 Labulle,
954 1135 1065 1216 donas,

410 1224 478 1282 Non
495 1241 545 1299 es,
567 1221 660 1281 crede
674 1221 765 1298 milri,
788 1223 893 1281 bouus.
927 1220 1007 1296 Quid
1023 1223 1121 1300 ergo?

410 1308 454 1366 Ut
467 1325 572 1366 verum
586 1303 710 1384 loquar,
732 1306 864 1383 optimus
880 1303 1028 1365 malorum
1043 1324 1087 1367 ea.

410 1392 540 1449 Pisones
554 1390 750 1467 Senecasque
764 1389 1006 1465 Memmiosque,

409 1475 452 1534 Et
466 1475 592 1552 Crispos
607 1474 682 1532 mihi
696 1471 811 1550 redde,
832 1472 888 1532 sed
901 1474 1039 1551 priores:

370 1559 481 1620 loFies
494 1558 635 1636 protinus
649 1554 775 1616 ultimus
788 1558 948 1618 bonorum.

409 1641 465 1702 Vis
480 1659 570 1701 cursu
583 1640 776 1719 pedibusque
791 1639 939 1718 gloriari?

410 1724 529 1802 'l'igrim
542 1725 630 1784 vince
644 1722 805 1800 levemque
820 1724 1024 1785 Passerinum.

409 1807 501 1868 Nulla
516 1815 564 1868 est
578 1806 676 1887 gloria
688 1808 863 1888 praeterire
878 1805 998 1867 asellos.

731 2026 734 2031 ,
765 1954 916 2017 xxxva.

408 2071 540 2132 Nasutus
554 2073 679 2132 nimium
694 2073 780 2152 cupis
793 2069 902 2131 videri.

408 2155 555 2232 Nasutum
569 2155 654 2239 volo,
673 2154 746 2215 nolo
761 2153 954 2235 polyposum.

765 2281 929 2344 xxxvio.
1046 2264 1049 2271 '

305 2430 321 2448 ω
341 2396 346 2407 ’
411 2397 502 2455 llunc
518 2396 570 2474 qui
585 2396 728 2459 femineis
742 2400 912 2473 noctesque
928 2393 1056 2473 diesque
1070 2389 1229 2455 cathedris

450 2478 570 2539 incedit
582 2484 648 2539 tota
662 2484 753 2538 notus
768 2479 800 2537 in
814 2480 892 2538 urbe
908 2479 1014 2555 nimis,

408 2562 503 2622 Crine
518 2564 638 2640 nitens,
660 2563 750 2640 niger
764 2569 936 2640 unguento,
957 2558 1134 2642 perlucidus
1149 2571 1255 2640 ostro,

450 2645 513 2705 0re
528 2653 635 2724 tener,
655 2644 735 2705 latus
748 2652 895 2725 pectore,
915 2664 1006 2706 crure
1021 2644 1143 2724 glaber,

385 2730 505 2793 mbori
523 2731 575 2809 qui
590 2748 682 2811 saepe
697 2735 769 2789 tuac
784 2748 887 2790 comes
901 2731 1059 2810 improbus
1073 2729 1200 2788 haerete

449 2814 517 2873 Non
531 2820 580 2873 est
595 2813 675 2894 quod
690 2815 813 2891 timeus,
836 2812 990 2874 Candide:
1011 2832 1073 2874 non
1087 2811 1189 2874 futuit.

769 2952 907 3015 XXXIX.

407 3064 467 3124 Odi
483 3072 533 3146 tc,
556 3069 626 3146 quia
638 3064 742 3126 bellus
755 3084 805 3144 es,
826 3063 959 3126 Sabelle.

406 3149 469 3209 Res
483 3157 532 3210 est
545 3149 668 3230 putida,
688 3150 789 3211 bellus
804 3155 838 3208 et
852 3148 1010 3227 Sabellus,

405 3231 526 3294 Bellum
540 3233 674 3314 denique
690 3233 785 3311 malo,
808 3252 897 3310 quam
912 3232 1077 3293 Sabellum.

407 3316 562 3379 Tabescas
575 3320 707 3395 utinam,
729 3315 870 3394 Sabelle,
891 3316 989 3377 belle!

744 3480 747 3485 -
808 3441 872 3502 XL.

405 3553 567 3630 Mentiris,
588 3551 698 3612 credo:
719 3553 833 3613 recitas
849 3551 928 3613 mala
943 3554 1091 3629 carmina,
1112 3552 1221 3617 laudo:

451 3637 579 3714 Cantas,
602 3642 708 3696 cauto:
729 3637 826 3713 bibis,
848 3634 1038 3715 Pontiliane,
1060 3640 1143 3703 bibo.

407 3718 517 3798 Pedis,
539 3717 713 3780 dissimulo:
732 3737 850 3798 gemma
865 3721 910 3781 ris
923 3718 1050 3799 ludere,
1071 3723 1195 3785 vincorr
