3267 4409
327 474 369 539 34
504 476 507 484 ·
599 456 694 536 'm
708 472 800 536 vau.
815 422 1042 534 maurmms

409 627 478 690 Una
490 624 641 687 lavamur:
662 627 773 706 aspicit
787 621 867 688 nihil
882 644 1002 703 susum,

410 712 473 773 Sed
488 717 609 791 spectat
623 710 721 770 oculis
738 710 956 770 devorantibus
972 708 1102 769 draucos

410 796 475 858 Nec
491 796 598 856 otiosis
612 793 765 854 mentulas
779 794 866 854 videt
878 792 984 855 labris.

411 881 542 958 Quaeris
557 880 625 961 quis
643 880 694 939 hic
709 878 775 938 sit?
805 877 930 938 Excidit
945 877 1020 937 mihi
1035 894 1157 939 nomeu.

751 978 756 991 “
784 1011 904 1074 xcvu.

412 1128 489 1188 Cum
504 1124 635 1185 clamant
651 1142 773 1202 omnes,
793 1120 934 1201 loqueris
951 1129 1041 1201 tunc,
1062 1122 1217 1204 Naevole,
1238 1130 1337 1186 tantur

344 1232 348 1239 ·
451 1212 492 1271 Et
506 1216 539 1268 te
553 1215 716 1288 patronum
732 1205 979 1287 causidicumque
998 1212 1097 1287 putas.

411 1296 477 1354 Hac
492 1294 613 1352 ratione
628 1297 734 1373 potest
749 1309 840 1351 nemo
857 1310 917 1350 non
933 1309 1003 1350 ease
1019 1290 1162 1354 disertus.

452 1379 553 1453 Ecce,
572 1382 677 1436 tacent
692 1394 815 1436 omnes:
835 1373 989 1453 Naevole,
1012 1374 1062 1436 dIc
1077 1374 1204 1456 aliquid.

716 1500 722 1512 ⁸
777 1498 914 1573 XCVIII.

411 1625 528 1703 Litigat
543 1631 575 1684 et
588 1624 724 1705 podagra
741 1622 909 1700 Diodorus,
931 1620 1062 1699 Flacce,
1080 1620 1213 1694 laborat,

455 1708 517 1768 Sed
537 1707 582 1768 nil
597 1715 727 1788 patrono
743 1708 890 1788 porrigit:
913 1708 990 1766 hacc
1005 1708 1153 1788 cheragra
1168 1715 1226 1772 est.

796 1855 904 1916 XCIX.
936 1867 940 1874 ’

410 1971 480 2032 Non
493 1970 617 2051 plenum
635 1969 725 2030 modo
739 1970 855 2030 viciens
870 1970 1024 2049 habebas,
1107 1964 1118 1983 ⁶

414 2055 477 2115 Sed
491 2063 553 2115 tam
568 2054 715 2134 prodigus
730 2061 822 2134 atque
837 2053 979 2115 liberalis

411 2139 744 2218 incumbamus,
768 2139 902 2216 Calene,
925 2147 960 2200 ut
975 2158 1080 2200 omnes

413 2224 566 2302 Optarent
579 2226 638 2284 tibi
652 2225 791 2285 centiens
807 2225 903 2284 amici.

391 2307 512 2369 5Audit
525 2314 596 2368 vota
611 2307 686 2368 deus
701 2326 874 2388 precesque
889 2313 1011 2367 nostras

412 2393 516 2471 Atque
531 2393 630 2469 intra,
652 2399 743 2471 puto,
765 2393 911 2472 septimas
924 2389 1082 2451 Kalendas

413 2476 534 2536 Mortes
549 2476 609 2534 hoc
623 2476 681 2534 tibi
696 2480 842 2554 quattuor
857 2474 1022 2536 dederunt.

413 2560 456 2618 At
471 2565 504 2618 tu
519 2560 563 2620 sic
579 2559 663 2636 quasi
677 2578 740 2618 ιιοιι
753 2558 838 2618 foret
851 2557 1012 2639 relictum,

412 2642 475 2702 Sed
492 2647 613 2722 raptum
626 2642 684 2702 tibi
700 2644 859 2722 centiens,
879 2643 971 2703 abisti

371 2727 445 2790 10Iu
460 2733 576 2786 tantam
588 2727 682 2786 miser
697 2728 915 2806 esuritIunem,

412 2812 456 2872 Ut
472 2811 608 2872 convivia
624 2812 865 2889 sumptuosi0ra,

413 2894 495 2955 Toto
512 2913 589 2974 quae
605 2893 702 2954 semel
717 2914 845 2974 apparas
861 2896 893 2953 in
909 2914 1005 2972 anno,

412 2978 526 3058 Nigrae
541 2977 684 3038 sordibus
700 2978 835 3058 explices
850 2986 1009 3057 monetae,

412 3065 453 3125 ut
468 3069 588 3143 septem
601 3070 725 3123 veteres
739 3063 786 3123 tui
800 3062 923 3124 sodales

286 3195 291 3205 ,
374 3160 404 3210 15
414 3148 598 3208 Constemus
610 3148 669 3208 tibi
681 3147 825 3227 plumbea
840 3147 966 3208 selibra.

413 3231 496 3307 Quid
510 3230 634 3312 dignum
648 3233 768 3293 meritis
782 3251 948 3313 precemur
960 3231 1052 3292 istis?
1110 3269 1114 3278 ·

414 3316 561 3394 Optamus
575 3316 634 3376 tibi
647 3315 786 3390 miliens,
809 3315 935 3376 Calene.

414 3400 482 3458 Hoc
498 3401 523 3458 ai
538 3401 720 3478 contigerit,
741 3400 822 3459 fame
836 3398 965 3479 peribis.

832 3532 876 3594 θ’,

416 3641 564 3703 Mammas
579 3647 671 3721 atque
685 3648 764 3702 tatas
778 3643 873 3703 habet
887 3642 980 3720 Afra,
1002 3642 1059 3702 sed
1071 3644 1137 3723 ipsa
1149 3649 1283 3704 tatarum

458 3726 527 3787 Dici
543 3731 576 3787 et
589 3746 785 3788 mammarum
799 3727 927 3788 maxima
943 3745 1069 3789 mamma
1083 3734 1197 3810 potest.
