3267 4409
326 535 389 601 300
646 537 690 601 Μ.
705 536 798 601 VAL.
813 535 1038 601 maurinus

797 710 901 805 cxv}

408 853 557 914 Formosa
570 851 692 935 Phyllis
706 859 798 914 nocte
814 873 882 913 cum
899 853 974 912 mihi
989 858 1055 912 tota

408 937 449 998 Se
463 939 672 1015 praestitisset
686 934 826 998 om'nibua
841 935 940 996 modis
955 935 1069 1015 largam
1069 978 1085 1030 ρ

407 1022 449 1081 Et
462 1022 629 1099 cogitarem
643 1041 731 1082 mane
747 1019 830 1100 quod
845 1019 950 1080 darem
964 1028 1087 1098 munus,
1184 1025 1190 1042 ¹
1299 1088 1306 1095 ι

407 1105 559 1166 Utrumne
574 1107 693 1184 Cosmi,
713 1105 868 1166 Nicerotis
881 1123 919 1163 an
932 1103 1061 1181 libram,

386 1188 456 1248 trin
471 1189 662 1250 Baeticarum
676 1188 796 1269 pondus
811 1207 883 1248 acre
894 1186 1049 1264 lanarum,

407 1272 457 1332 An
472 1271 511 1332 de
527 1280 651 1334 moneta
665 1273 805 1336 Caesaris
822 1270 929 1332 decem
946 1272 1056 1332 flavos:

409 1352 559 1435 Amplexa
574 1354 687 1419 collum
702 1360 850 1434 basioque
864 1362 927 1416 tam
940 1354 1035 1434 longo

409 1438 569 1518 Blandita,
592 1461 681 1519 quam
695 1447 767 1502 sunt
781 1441 906 1519 nuptiae
922 1436 1148 1520 columbarum,

408 1523 529 1602 Rogare
545 1526 648 1606 coepit
661 1524 780 1606 Phyllis
797 1524 974 1605 amphoram
987 1523 1061 1584 vini.

790 1657 897 1722 LXVI.

408 1770 461 1830 Bis
478 1771 700 1850 quinquagenis
716 1770 823 1831 domus
840 1770 960 1832 esttibi
974 1768 1098 1831 milibus
1112 1777 1231 1854 empta,

451 1854 598 1918 Vendere
614 1876 703 1934 qnam
718 1875 834 1915 summa
846 1852 897 1916 vel
910 1855 1055 1915 breviore
1071 1857 1166 1934 cupis.

408 1939 487 1998 Arte
502 1938 559 1999 sed
573 1946 744 2019 emptorem
756 1939 842 2000 vaira
856 1939 1043 2020 corrumpis,
1064 1940 1220 2020 Amoene,

450 2023 492 2084 Et
508 2043 577 2083 casa
593 2022 707 2084 divitiis
722 2024 883 2084 ambitiosa
895 2020 983 2083 latet.

387 2104 612 2169 oGemmantes
626 2109 726 2187 prima
739 2106 862 2187 iulgent
876 2104 1033 2167 testudine
1047 2103 1140 2186 lecti,
1207 2158 1213 2164 .

451 2192 494 2253 Et
507 2192 694 2252 Maurusiaci
708 2191 848 2273 pondera
861 2211 931 2251 rara
945 2192 1033 2264 citri;

409 2276 581 2352 Argentum
596 2283 688 2354 atque
704 2297 809 2336 aurum
823 2295 884 2335 non
899 2271 1030 2354 simplet
1043 2270 1194 2355 Delphica
1207 2281 1312 2357 portat

451 2359 541 2420 Stant
558 2361 665 2440 pueri,
687 2358 827 2420 dominos
842 2379 918 2439 qnos
932 2376 1046 2438 precer
1060 2375 1129 2418 erse
1142 2376 1238 2422 meos.

410 2441 531 2503 Deinde
547 2442 679 2503 ducenta
695 2463 801 2519 sonas,
822 2450 855 2502 et
870 2444 931 2521 ais,
952 2461 1014 2502 non
1029 2459 1099 2504 esse
1113 2443 1252 2504 minoris.

367 2533 402 2585 10
449 2525 633 2587 Instructam
646 2526 699 2586 vili
714 2525 840 2605 vendis,
864 2528 1017 2606 Amoene,
1039 2524 1171 2590 domum.

780 2658 903 2721 LXVII.

408 2769 511 2831 Maiae
525 2771 715 2832 Mercurium
729 2773 858 2833 creastis
871 2770 951 2836 Idus.

408 2854 555 2932 Augustis
571 2854 656 2915 redit
669 2855 773 2917 Idibus
786 2857 891 2918 Diana.

409 2937 561 2999 Octobres
578 2939 667 3000 Maro
683 2942 874 3001 consecravit
889 2938 968 3003 idus.

407 3021 479 3083 Idus
494 3041 587 3103 saepe
603 3020 686 3084 colas
701 3029 734 3083 et
746 3025 801 3084 has
817 3030 850 3084 et
864 3023 949 3100 illas,

387 3107 472 3184 §Qui
484 3108 585 3188 magni
599 3106 740 3171 celebras
754 3108 894 3169 Maronis
908 3106 988 3169 Idus.

775 3242 909 3305 LXVIII.

409 3351 564 3413 Matutine
580 3351 695 3431 cliens,
716 3354 802 3414 urbis
817 3354 893 3413 mihi
907 3371 996 3414 cansa
1010 3350 1156 3434 relictae,

448 3436 553 3514 Atria,
574 3437 601 3497 si
617 3438 733 3517 sapias,
755 3439 914 3497 ambitiosa
928 3435 1020 3498 colas.

406 3517 475 3577 Non
490 3538 556 3578 snm
571 3539 627 3599 ego
643 3519 830 3598 causidicus,
853 3539 911 3580 nec
926 3521 1035 3580 amaris
1051 3519 1157 3582 litibus
1173 3528 1279 3606 aptus,

451 3601 514 3662 Sed
526 3605 615 3682 piger
629 3610 662 3664 et
675 3605 780 3663 senior
793 3603 1013 3684 Pieridumque
1028 3623 1139 3668 comes.

389 3682 483 3745 50tia
497 3705 545 3746 me
560 3697 744 3766 somnusque
755 3689 876 3767 iuvant,
900 3706 977 3767 quae
993 3706 1100 3766 magna
1112 3691 1239 3771 uegadt

451 3768 547 3830 Roma
559 3772 650 3832 mihi:
672 3771 787 3853 redeo,
808 3773 836 3833 si
849 3770 994 3854 vigilatur
1008 3778 1042 3834 et
1054 3773 1115 3836 hic.
