3267 4409
311 352 318 360 a

1145 427 1150 439 Ι

327 536 390 602 an
651 489 1043 602 mmmmmmmm

412 692 476 752 Cur
489 691 588 751 frater
603 690 660 751 tibi
674 689 777 768 dicor,
798 710 836 750 ex
850 691 977 751 Hiberis

336 820 338 825 .
410 776 452 835 Et
467 774 566 835 Celtis
580 776 701 852 genitus
717 776 856 853 Tagique
873 776 968 834 civis?

390 861 462 921 5An
477 858 561 918 voltu
575 858 691 918 similes
704 858 843 918 videmur
859 860 951 918 esse?

412 943 440 1002 Τ
442 963 462 1002 n
475 945 555 1002 flexa
567 943 683 1003 nitidus
699 964 784 1002 coma
798 944 930 1021 vagaris,

410 1029 555 1106 Hispanis
570 1046 627 1105 ego
644 1034 803 1086 contumax
817 1026 954 1106 capillis,

409 1111 500 1171 Levis
517 1110 649 1190 dropace
663 1117 698 1170 tn
713 1111 884 1189 cotidiano,

409 1197 545 1256 Hirsutis
561 1214 616 1273 ego
633 1196 772 1254 cruribus
787 1197 951 1273 genisque3

369 1292 403 1345 lo
410 1282 451 1340 Os
464 1278 602 1340 blaesum
616 1281 673 1340 tibi
688 1279 861 1356 debilisque
875 1278 979 1357 lingua
995 1285 1059 1356 est,

408 1366 504 1424 Nobis
519 1362 622 1423 fistula
635 1365 747 1423 fortius
760 1363 923 1442 loquetur:

411 1450 488 1508 'l'am
503 1447 606 1528 dispar
622 1447 741 1527 aquilae
757 1447 897 1507 columba
911 1467 973 1506 non
987 1452 1051 1523 est,

408 1533 473 1592 Nec
490 1530 597 1591 dorcas
611 1533 711 1610 rigido
725 1534 816 1612 fugax
829 1532 925 1592 leoni.

410 1617 511 1692 Quare
526 1615 633 1676 desine
649 1636 698 1676 me
713 1635 823 1676 vocare
837 1617 983 1693 fratrem,

366 1701 452 1761 liNe
468 1707 516 1777 te,
540 1700 763 1778 Charmeuion,
784 1719 891 1760 vocem
906 1718 1052 1759 sororem.

794 1834 901 1896 LXVI.

410 1953 503 2029 Quis,
524 1971 617 2030 rogo,
637 1957 698 2012 tam
715 1951 827 2029 durus,
850 1953 916 2030 quis
932 1956 993 2010 tam
1008 1952 1067 2011 suit
1081 1949 1138 2012 ille
1154 1954 1320 2035 superbus,

453 2038 511 2113 Qui
526 2038 615 2096 iussit
628 2037 698 2096 fieri
713 2042 761 2113 te,
783 2036 1004 2115 Theopompo,
1024 2037 1152 2096 cocum?
1261 2065 1264 2070 ·

408 2122 496 2180 Hanc
511 2119 621 2200 aliquis
636 2121 746 2180 faciem
761 2122 848 2199 nigra
863 2118 979 2179 violare
996 2119 1095 2179 culina

452 2204 606 2282 Sustinet,
626 2206 680 2264 has
695 2213 788 2265 uncto
804 2204 918 2284 polluit
932 2205 1003 2281 igne
1019 2205 1143 2263 comas?

386 2290 484 2363 5Quis
498 2291 601 2368 potius
615 2291 741 2368 cyathos
759 2298 810 2348 aut
825 2291 892 2368 quis
908 2285 1054 2374 crystalla
1068 2276 1213 2349 tenebit‘i

450 2374 516 2449 Qua
530 2374 651 2451 sapient
664 2373 779 2433 melius
788 2375 881 2433 mixta
896 2371 1029 2432 Falerna
1042 2373 1152 2432 manni

408 2457 442 2516 Si
456 2464 517 2516 tam
531 2456 670 2517 sidereos
684 2463 787 2516 manet
803 2459 902 2517 exitus
916 2458 976 2516 iste
991 2457 1163 2535 ministros,
1235 2494 1240 2500 -

448 2541 587 2620 luppiter
600 2547 705 2602 utatur
718 2543 777 2602 iam
794 2540 973 2620 Ganymede
989 2559 1072 2602 coco.

780 2674 900 2739 uxvn.
1010 2739 1016 2751 ,

407 2788 545 2866 Pyrrhae
560 2787 641 2865 filia,
663 2789 804 2850 Nestoris
820 2809 967 2867 noverca,

409 2872 505 2948 Quam
518 2873 596 2933 vidit
608 2874 708 2934 Niobe
723 2874 827 2954 puella
843 2893 961 2950 canam,
974 2872 978 2881 '

406 2955 534 3016 Laertes
550 2958 645 3017 aviam
660 2977 755 3018 senex
769 2960 902 3035 vocavit,

404 3040 563 3101 Nutricem
577 3043 733 3121 Priamus,
748 3062 869 3102 socrum
884 3042 1055 3121 Thyestes,

385 3124 468 3185 alam
483 3127 656 3186 cornicibus
671 3129 810 3187 omnibus
826 3133 1000 3208 superstes,
1091 3151 1097 3161 ·

406 3209 474 3268 Hoc
489 3209 613 3271 tandem
628 3213 686 3272 sita
699 3213 801 3292 prurit
814 3213 848 3271 in
862 3207 1005 3291 sepulcro

406 3289 499 3354 Calvo
515 3294 617 3355 Plotia
631 3316 699 3355 cum
714 3295 937 3357 Melanthione.

776 3429 909 3492 LXVIII.

405 3542 481 3602 Cum
495 3542 552 3603 tibi
566 3564 627 3604 non
642 3545 782 3625 Ephesos
796 3563 856 3603 nec
871 3545 911 3603 sit
927 3543 1052 3605 Rhodos
1071 3546 1122 3604 aut
1136 3539 1306 3621 Mitylene,

447 3625 510 3686 Sed
526 3626 632 3688 domus
645 3630 677 3687 in
691 3630 777 3706 vieo,
798 3627 922 3706 Laelia,
945 3630 1091 3709 patricio,

404 3708 512 3787 Deque
527 3709 673 3772 coloratis
690 3731 843 3792 nunquam
858 3712 915 3773 lita
930 3718 1029 3774 muter
1043 3713 1199 3790 Etruscis,

444 3793 545 3854 Durus
559 3796 686 3857 Aricina
700 3795 740 3857 de
753 3799 883 3877 regione
897 3803 1002 3880 pater,
