3267 4409
643 479 688 542 Μ.
705 476 798 542 vlu.
814 456 1043 538 Mourmms
1105 476 1112 483 ·

792 678 898 742 xciii.

412 800 555 878 „Primus
569 796 621 855 ubi
636 793 707 854 esl“
715 794 825 872 inquis
840 812 931 870 „oum
942 794 983 853 sit
996 789 1080 852 lib'er
1094 793 1154 851 iste
1169 790 1316 852 secundus

455 881 537 960 Quiri
550 881 676 956 lucium,
695 879 721 937 si
735 877 805 958 plus
821 876 877 937 ille
894 877 1022 957 pudoris
1036 876 1152 936 habet?

414 968 461 1026 Tu
476 973 579 1025 tamon
593 966 674 1023 hunc
690 963 758 1021 lieri
776 963 802 1021 si
815 963 926 1040 mavis,
947 959 1083 1040 Regulo,
1105 961 1253 1042 primum,

350 1082 352 1090 ·
454 1052 554 1112 Unum
570 1048 609 1110 de
622 1045 715 1109 titulo
730 1045 845 1106 tollere
859 1047 922 1106 iota
936 1052 1036 1126 potes.
1104 1098 1106 1107 ,

622 1475 668 1548 u.
690 1475 794 1548 vm.
816 1473 1072 1548 ursulus

534 1570 1160 1743 l'l'luoloiulili
1226 1666 1240 1745 ’,

739 1829 964 1929 LIBERlll.

836 2018 858 2081 Ι.

417 2138 485 2196 llos
500 2135 557 2196 tibi
573 2125 722 2214 quidquid
734 2133 769 2195 id
782 2142 831 2195 est
847 2132 1024 2213 longinquis
1033 2133 1135 2193 mittit
1146 2134 1185 2193 ob
1202 2136 1265 2195 oris

458 2218 559 2280 Gallia
572 2219 726 2278 Romanae
739 2221 865 2279 nomine
881 2218 963 2278 diota
978 2225 1078 2296 togae.

415 2304 505 2362 llunc
517 2303 596 2380 legis
612 2308 644 2362 et
656 2302 761 2363 laudas
776 2303 891 2363 librum
905 2303 1038 2361 fortasse
1052 2303 1204 2381 priorem:

406 2406 446 2435 «ο
457 2387 512 2446 illa
525 2385 576 2448 vel
590 2387 667 2445 hoec
682 2405 751 2446 meu
765 2393 853 2465 sunt,
876 2405 952 2465 quoe
965 2385 1094 2446 meliora
1108 2394 1217 2466 putus„

395 2470 490 2532 selus
505 2488 578 2539 sone
591 2469 713 2550 placeat
728 2469 850 2530 dominu
866 2473 917 2550 qui
934 2478 1022 2530 natus
1037 2471 1069 2529 in
1083 2473 1161 2530 urbe
1175 2476 1239 2530 est:

457 2555 657 2614 Debetenim
673 2553 797 2614 Gallum
811 2556 936 2614 vincere
951 2573 1046 2616 verna
1062 2555 1153 2615 liber.

831 2689 867 2751 ll.

417 2802 510 2861 Cuius
528 2804 573 2861 vis
589 2803 675 2880 fieri,
695 2798 822 2879 libelle,
844 2803 976 2862 munus?

414 2885 542 2945 Festina
555 2888 614 2945 tibi
627 2884 780 2946 vindicem
790 2905 918 2965 parare,

415 2970 461 3029 Ne
479 2971 596 3047 nigram
611 2972 673 3030 cito
688 2975 795 3050 raptus
809 2972 842 3029 in
859 2969 991 3032 culinam

416 3053 566 3138 Gorrlylas
581 3053 702 3114 madida
716 3061 802 3133 tegas
818 3075 936 3136 papyro

394 3136 478 3200 uvel
492 3141 570 3199 turis
585 3141 741 3220 piperisve
757 3141 799 3199 sis
814 3140 962 3201 cucullus.

414 3223 554 3283 Faustini
568 3225 649 3303 fugis
665 3226 697 3284 in
715 3225 836 3284 sinum?
855 3226 971 3305 sapisti.

417 3307 520 3366 Cedro
536 3328 617 3367 nunc
629 3309 705 3369 licet
720 3306 858 3368 ambules
872 3314 1040 3388 perunctus

414 3390 456 3449 Et
471 3392 584 3452 frontis
600 3395 721 3469 gemino
738 3393 852 3452 decens
871 3393 990 3452 honore

416 3474 513 3534 Pictis
528 3473 695 3535 luxurieris
710 3474 880 3551 umbilicis,

375 3558 505 3618 roErte
518 3579 655 3638 purpura
670 3560 801 3620 deliouta
815 3558 900 3619 velet

416 3642 458 3701 Et
474 3662 566 3702 cocco
580 3645 691 3703 rubeat
706 3644 857 3723 superbus
873 3642 975 3705 index.

417 3725 473 3787 fllo
489 3726 609 3788 vindico
624 3746 683 3787 neo
697 3729 833 3788 Probum
848 3729 964 3788 timeto.
