3267 4409
289 542 293 548 ,
325 489 367 550 aa
644 483 689 545 or.
705 481 796 545 vau.
810 462 1036 543 mosomus

411 638 527 718 Accipe
540 656 602 696 non
615 636 707 696 Pario
719 636 859 695 nutantia
871 631 1012 714 pondera
1024 652 1112 712 saxo,

452 723 538 798 Quae
553 720 652 780 cineri
665 737 760 779 vanus
775 717 829 778 dat
842 719 964 777 ruitura
976 715 1086 795 labor,

390 806 476 869 5Sed
490 796 597 865 faciles
612 806 708 863 buxos
723 809 755 862 et
769 820 878 882 opacas
892 798 1028 881 palmitis
1042 802 1166 862 umbras

455 890 601 968 Quaeque
618 889 721 947 virent
732 884 868 945 lacrimis
882 884 1006 945 roscida
1019 889 1108 964 prata
1119 885 1208 945 meis.
1279 896 1284 905 '

412 975 544 1053 Accipe,
566 990 637 1032 care
653 988 747 1050 puer,
768 969 869 1028 nostri
883 970 1069 1028 monimenta
1084 967 1217 1047 doloris:

454 1059 514 1117 Hic
528 1057 585 1116 tibi
598 1059 750 1134 perpetuo
764 1058 906 1131 tempore
919 1054 1002 1113 vivet
1015 1053 1123 1114 honor.
1211 1050 1217 1059 '

414 1141 490 1202 cum
504 1140 579 1199 mihi
593 1156 753 1218 supremos
768 1136 915 1197 Lachesis
928 1136 1110 1216 perneverit
1122 1154 1249 1216 annos,-

373 1237 407 1289 10
453 1226 523 1285 Non
536 1221 629 1283 aliter
643 1223 765 1280 cineres
782 1219 892 1280 mando
907 1221 1010 1279 iacere
1024 1237 1119 1280 meos.
1199 1214 1205 1223 “

766 1353 931 1416 LXXXIX.

416 1469 523 1530 Garris
537 1469 569 1527 in
584 1485 688 1527 aurem
704 1485 827 1547 semper
842 1468 997 1544 omnibus,
1020 1466 1137 1546 Cinna,

417 1553 524 1614 Garris
539 1558 572 1611 ct
586 1550 664 1611 illud
677 1557 760 1611 teste
776 1549 949 1629 quodlicet
963 1552 1062 1611 turba.

416 1635 511 1696 Rides
524 1637 557 1695 in
572 1654 692 1714 aurem,
714 1635 873 1714 quereris,
896 1636 1015 1712 arguis,
1037 1631 1157 1713 ploras,

418 1721 529 1780 Cantas
544 1721 711 1796 inaurem,
732 1718 867 1796 iudicas,
886 1726 986 1797 taces,
1009 1717 1139 1796 clamas,

394 1803 568 1883 5Adeoque
581 1804 705 1883 penitus
719 1802 801 1862 sedit
815 1803 866 1861 hic
879 1803 935 1862 tibi
951 1805 1092 1879 morbus,

417 1889 461 1949 Ut
479 1907 571 1970 saepe
587 1890 756 1965 inaurem,
779 1886 894 1964 Cinna,
918 1886 1083 1947 Caesarem
1095 1883 1214 1945 laudes.
1261 1904 1268 1921 r

722 2024 727 2033 ’
822 2034 885 2095 XC.

420 2151 510 2229 Quod
522 2171 675 2230 nunquam
688 2151 823 2210 maribus
841 2150 971 2208 cinctam
984 2154 1034 2225 te,
1055 2150 1165 2225 Bassa,
1182 2147 1320 2208 videbam

462 2236 612 2314 Quodque
626 2236 683 2294 tibi
697 2234 857 2293 moechum
872 2231 976 2291 fabula
989 2231 1073 2305 nulla
1090 2232 1199 2311 dabat,

421 2319 518 2378 Omne
535 2319 591 2378 sed
606 2319 739 2377 officium
753 2317 834 2377 circa
849 2324 881 2376 te
896 2335 1019 2395 semper
1037 2317 1142 2376 obibat

463 2402 569 2462 Turba
583 2403 628 2461 tui
643 2419 748 2477 sexus,
768 2419 831 2458 non
847 2400 981 2460 adeunte
998 2401 1082 2474 viro;

399 2487 500 2547 anese
514 2484 685 2561 videbaris,
707 2484 825 2561 fateor,
845 2483 991 2547 Lucretia
1004 2486 1109 2545 nobis:

463 2571 504 2630 At
519 2578 569 2648 tu,
590 2588 648 2648 pro
663 2567 800 2645 facinus,
823 2568 933 2646 Bassa,
954 2570 1074 2628 fututor
1088 2587 1168 2628 eros.
1257 2638 1261 2646 ,

420 2656 505 2714 Inter
520 2672 554 2714 se
569 2653 706 2732 geminos
721 2651 815 2711 andes
830 2655 1024 2713 committere
1039 2672 1154 2712 cunnos

463 2739 678 2816 Mentiturque
691 2737 790 2796 virum
810 2736 988 2815 prodigiosa
1003 2737 1118 2798 Venus.

379 2893 383 2898 ¹
422 2821 601 2882 Commenta
615 2840 649 2880 es
664 2819 788 2898 dignum
803 2821 952 2881 Thebano
968 2821 1139 2899 aenigmate
1154 2824 1337 2893 monstrum,

382 2916 416 2968 10
463 2907 523 2966 Hic
537 2907 589 2965 ubi
602 2909 649 2966 vir
664 2924 726 2964 non
741 2911 806 2984 est,
828 2911 863 2965 ut
877 2907 917 2964 sit
935 2903 1128 2965 adulterium.

819 3039 898 3101 XCI.

393 3166 395 3171 '
424 3155 501 3215 Cum
513 3162 565 3214 tua
579 3171 641 3212 non
655 3152 745 3231 edas,
768 3155 868 3234 carpis
883 3171 950 3213 mea
966 3155 1114 3232 carmina,
1132 3149 1230 3213 Laeli.

466 3239 602 3320 Carpere
616 3236 666 3300 vel
679 3236 744 3298 noli
759 3244 866 3298 nostra
880 3236 930 3298 vel
945 3236 1004 3297 ede
1018 3243 1080 3300 tua.

812 3370 903 3431 xcn.

427 3484 526 3564 Saepe
541 3486 616 3543 mihi
632 3485 772 3562 queritur
786 3502 848 3542 non
866 3484 956 3542 siccis
972 3484 1083 3544 Cestos
1099 3479 1224 3559 ocellis,

467 3569 566 3646 Tangi
581 3586 614 3628 se
630 3568 744 3646 digito,
766 3567 975 3645 Mamuriane,
989 3574 1052 3629 tuo.

422 3651 491 3710 Non
507 3670 583 3730 opus
598 3657 646 3711 est
660 3652 773 3729 digito:
795 3657 893 3711 totum
907 3653 965 3711 tibi
980 3652 1096 3712 Ceston
1109 3651 1242 3727 hebeto,

466 3735 498 3795 Si
515 3734 603 3796 deest
617 3733 663 3795 nil
679 3733 782 3815 aliud,
805 3736 1013 3815 Mamuriane,
1035 3736 1101 3797 tibi.
