3267 4409
369 506 409 568 w
782 513 897 562 mmm

367 657 414 718 De
437 656 546 714 maiore
568 653 669 728 domo,
689 652 802 712 modice
826 654 939 713 sitiente
961 653 1076 732 lagena,

368 741 455 801 Lenia
478 740 573 797 loturo
598 737 653 796 sibi
677 738 844 797 Surrentina
867 736 990 812 rogabit.
1004 770 1045 782 -

368 822 464 897 Heus,
483 821 575 895 bone,
593 830 624 880 tu
635 819 795 898 pallesl*
813 818 890 878 Nihil
904 829 957 879 est.
970 853 1013 866 -
1032 818 1140 877 Videas
1152 827 1247 879 tamen
1259 821 1345 896 istud,

370 905 514 983 Quidquid
535 904 564 965 id
587 912 645 963 est:
668 905 760 979 surgit
783 903 870 962 tacite
893 902 944 961 tibi
967 903 1043 962 lutea
1069 902 1165 979 pellis.
1180 935 1220 947 -
1313 915 1346 969 95

368 989 407 1048 nt
432 997 461 1047 tn
488 987 614 1047 deterius
638 986 746 1063 palles;
774 1003 810 1045 ne
833 987 874 1044 sis
901 986 967 1045 mihi
986 994 1075 1050 tutor;
1311 1013 1315 1020 ν

368 1071 427 1131 lam
454 1069 565 1148 pridem
586 1070 661 1129 bunc
684 1069 795 1147 sepeli:
816 1077 846 1127 tu
867 1078 971 1129 restas.
984 1101 1026 1112 --
1046 1068 1156 1144 Perge,
1177 1069 1291 1128 tacebo.
1306 1105 1347 1116 —-

368 1154 511 1230 'lurgidus
535 1153 582 1212 bic
607 1152 701 1230 epulis
727 1161 813 1228 atque
837 1152 905 1211 albo
929 1161 1030 1211 ventre
1056 1153 1175 1226 lavatur,

369 1237 487 1298 Gutture
510 1235 652 1295 sulfureas
674 1235 752 1294 lente
773 1235 926 1294 exhalante
947 1235 1072 1301 mefites;

369 1321 428 1380 Sed
451 1329 560 1379 tremor
579 1320 654 1378 inter
675 1319 740 1378 vina
761 1318 852 1394 subit,
877 1319 1057 1394 calidumque
1078 1319 1209 1379 trientem
1297 1331 1347 1383 loo
1377 1354 1381 1363 ¹

368 1403 486 1463 Excutit
508 1421 524 1461 e
548 1401 693 1477 manibus,
716 1402 817 1461 dentes
839 1419 982 1478 crepuere
1002 1402 1115 1475 retecti,

368 1486 461 1546 Unota
487 1486 591 1545 cadunt
613 1485 687 1544 laxis
708 1494 775 1544 tuno
798 1485 985 1562 pulmentaria
1007 1484 1104 1544 labris.
1161 1523 1163 1527 ι

368 1569 441 1629 Hinc
460 1569 545 1644 tuba,
570 1568 726 1644 candelae,
749 1569 920 1645 tandemque
940 1568 1072 1629 beatulus
1093 1568 1152 1628 alto

370 1651 554 1730 Gornpositus
579 1652 657 1711 lecto
684 1652 849 1729 crassisque
869 1652 973 1711 lutatus
996 1652 1114 1711 amomis

367 1736 400 1796 In
425 1745 537 1814 portam
558 1735 666 1811 rigidas
690 1735 788 1794 calces
811 1735 953 1794 extendit:
978 1743 1007 1794 at
1030 1734 1109 1794 illum
1298 1749 1345 1800 105

367 1818 503 1878 Hesterni
526 1820 621 1896 capite
645 1818 742 1877 induto
765 1817 882 1877 subiere
906 1818 1042 1891 Quirites.

410 1897 525 1980 Tange),
549 1903 651 1977 miser,
672 1919 762 1960 uenas
783 1911 812 1961 et
834 1919 911 1979 pone
934 1904 962 1962 in
983 1910 1105 1979 pectore
1127 1903 1267 1962 dextram.
1285 1937 1327 1950 -

368 1985 415 2046 Nil
438 1986 514 2046 calet
534 1985 646 2045 bic-
667 1987 857 2064 Summosquc
880 1987 972 2063 pedes
995 1987 1103 2062 attinge
1126 2002 1291 2064 manusque.
1306 2021 1347 2032 —-
1376 2001 1380 2008 ·

367 2068 432 2128 Non
456 2069 628 2146 frigent-
647 2068 718 2128 Visa
741 2078 785 2127 est
812 2069 836 2127 si
860 2069 936 2129 forte
960 2071 1098 2147 pecunia,
1122 2070 1184 2128 sive

369 2149 498 2212 Candida
517 2153 602 2211 vicini
625 2151 742 2211 subrisit
766 2152 855 2213 molle
877 2153 986 2231 puella,
1150 2183 1152 2186 ·
1297 2163 1346 2216 110

369 2233 428 2294 Gor
447 2235 497 2295 tibi
519 2236 574 2294 rite
597 2232 682 2295 saliti
704 2237 830 2313 positum
853 2245 898 2294 est
920 2237 1036 2313 algente
1058 2236 1152 2295 catino

367 2319 475 2378 Durum
495 2319 579 2396 olus,
600 2327 630 2378 et
653 2319 753 2398 populi
774 2319 869 2379 oribro
889 2321 1011 2379 decussa
1034 2319 1138 2379 farina:

368 2401 552 2481 'l'emptemus
575 2403 689 2463 laureas!
714 2411 817 2462 tenero
842 2402 911 2462 latet
929 2404 1011 2462 ulcus
1034 2404 1062 2462 in
1084 2420 1135 2462 ore

367 2485 472 2560 Putre,
496 2487 573 2565 quod
596 2486 671 2545 haud
693 2486 798 2546 deceat
820 2485 935 2564 plebeia
956 2487 1060 2546 radere
1084 2486 1160 2546 beta.

367 2566 477 2644 Alges,
501 2586 586 2645 quum
608 2571 737 2628 excussit
756 2568 891 2628 membris
913 2571 998 2628 timor
1018 2569 1100 2630 albus
1123 2572 1240 2637 aristas;
1298 2584 1345 2635 115

367 2650 450 2710 Nunc
472 2652 538 2712 iace
560 2653 710 2730 supposita
732 2653 871 2712 fervescit
892 2654 1008 2728 sanguis
1032 2663 1061 2714 et
1082 2655 1124 2714 ira

368 2735 531 2795 scintillant
559 2736 652 2812 oculi,
676 2736 806 2816 dicisque
829 2736 977 2815 facisque,
1004 2737 1082 2814 quod
1106 2738 1169 2815 ipse

367 2815 433 2876 Non
455 2821 516 2879 sani
545 2837 612 2881 esse
635 2820 756 2880 bominis
778 2837 836 2879 non
858 2838 944 2881 sanus
968 2821 1043 2881 iuret
1064 2820 1193 2881 Orestes.

753 3004 952 3022 *nn—n.—

694 3147 928 3216 SATIRA
961 3151 1019 3215 IV.

367 3272 449 3364 Rem
471 3299 571 3378 populi
595 3301 723 3363 tractas?
736 3337 777 3353 -
798 3303 947 3364 barbatum
969 3305 1042 3365 haec
1065 3303 1153 3363 crede
1179 3303 1345 3380 magistrum

367 3385 493 3460 Dicere,
516 3383 637 3444 sorbitio
660 3386 736 3469 tollit
757 3404 841 3463 quem
864 3388 924 3448 dira
950 3390 1062 3448 cicutae
1081 3421 1122 3431 -

369 3469 433 3543 Quo
455 3465 568 3526 fretus?
590 3469 636 3528 dic
658 3487 675 3528 o
695 3472 789 3546 magni
812 3472 921 3549 pupille
944 3470 1057 3531 Pericli.

369 3552 489 3612 Scilicet
509 3552 653 3628 ingenium
676 3562 822 3614 otrentum
845 3555 993 3632 prudentia
1020 3553 1109 3612 uelox
1320 3623 1322 3626 .

369 3636 444 3694 Ante
467 3635 544 3712 pilos
566 3637 659 3709 venit,
686 3636 807 3696 dicenda
831 3638 1009 3714 tacendaque
1036 3638 1136 3699 calles.
1329 3649 1346 3701 5

368 3717 448 3796 Ergo
470 3717 519 3777 ubi
542 3728 683 3778 commota
705 3720 799 3779 lervet
821 3720 976 3799 plebecula
997 3720 1067 3798 bile,
