3267 4409
370 497 409 561 18
805 507 920 556 aaran

367 647 507 710 Producis
528 647 625 723 genio.
653 646 732 706 Solis
753 645 896 707 natalibus
916 654 961 705 est
986 646 1034 726 qui

368 732 471 809 'lingat
493 731 557 789 olus
580 731 687 789 siccum
707 732 797 791 muria
819 728 902 790 valer
924 731 953 788 in
974 729 1066 789 calice
1088 738 1195 806 empta,
1313 742 1348 797 aa

367 814 436 892 lpse
462 832 574 874 sacrum
595 814 721 872 irrorans
743 814 858 891 patinae
880 814 979 891 piper;
1001 812 1048 871 hic
1072 810 1149 871 hona
1174 811 1262 872 dente
1325 836 1332 841 ·

369 897 492 958 Grandia
514 898 708 972 magnanimus
730 898 843 974 peragit
859 913 941 974 puer.
968 894 1039 955 Utar
1059 912 1134 972 ego,
1156 905 1231 972 utar,

367 979 431 1040 Nec
452 979 590 1039 rhombos
612 978 679 1039 ideo
705 979 815 1038 libertis
836 997 946 1058 ponere
969 979 1073 1054 lautus,

368 1062 432 1123 Nec
454 1072 555 1122 tenues
577 1061 685 1121 sollers
704 1063 848 1122 turdarum
870 1079 958 1122 nosse
981 1063 1096 1122 salivas.

368 1146 465 1206 llesse
486 1155 568 1205 tenus
589 1146 707 1223 propria
728 1147 794 1205 vive
822 1154 851 1205 et
873 1147 1023 1223 granaria,
1046 1146 1091 1205 las
1114 1152 1169 1220 est,
1313 1157 1347 1211 aa
1370 1220 1374 1227 Ι

265 1243 271 1255 ’
368 1229 486 1297 Emole;
509 1228 577 1307 quid
599 1225 724 1288 metuis?
747 1246 836 1306 occa,
858 1239 887 1289 et
909 1247 997 1301 seges
1018 1229 1109 1289 altera
1127 1228 1156 1287 in
1176 1227 1267 1289 herba
1292 1240 1345 1290 est.

368 1313 423 1372 Ast
449 1321 536 1372 vocat
557 1312 699 1372 olliciumr
721 1311 803 1373 trahe
823 1322 905 1390 rupta
925 1313 1032 1374 Bruttia
1052 1330 1122 1373 saxa

367 1395 484 1455 Prendit
503 1396 610 1454 amicus
631 1397 732 1473 inops,
754 1415 874 1474 remque
896 1414 1008 1456 omnem
1029 1396 1172 1474 surdaque
1192 1404 1261 1455 vota

369 1475 503 1538 Condidit
524 1477 621 1547 lonio;
641 1480 718 1539 iacet
738 1482 804 1557 ipse
824 1482 852 1539 in
874 1480 959 1540 litore
981 1487 1011 1538 et
1031 1497 1086 1538 una

367 1559 505 1636 lugentes
528 1560 563 1619 de
586 1579 685 1639 puppe
707 1563 772 1638 dei,
795 1564 909 1642 iamque
930 1562 1014 1623 obuia
1035 1563 1144 1639 mergis
1314 1573 1347 1628 ao

369 1641 458 1702 Costa
480 1642 550 1700 ratis
573 1642 704 1703 lacerae:
729 1664 804 1704 nunc
826 1655 855 1706 et
877 1646 914 1706 de
936 1646 1047 1723 cespite
1074 1646 1142 1704 vivo

367 1725 482 1802 Frange
502 1724 624 1801 aliquid,
648 1725 755 1801 largire
778 1728 875 1804 inopi,
901 1746 937 1787 ne
960 1730 1055 1804 pietus
1076 1727 1196 1788 oberret
1290 1744 1293 1748 ·

369 1806 512 1869 Caerulea
532 1808 561 1866 in
577 1806 683 1867 tabula.
703 1841 745 1855 --
776 1808 837 1868 Sed
858 1825 978 1867 coenam
1003 1807 1111 1865 funeris
1133 1810 1221 1870 heres

367 1892 523 1969 Negliget,
546 1892 635 1951 iratus
657 1891 732 1968 quod
757 1908 818 1949 rem
841 1889 1014 1956 curtaveris3
1038 1905 1127 1948 urnae

369 1975 444 2036 Ossa
468 1975 588 2034 inodora
609 1973 705 2048 dabit,
730 1991 782 2032 seu
803 1970 914 2052 spirent
936 1973 1063 2030 cinnama
1083 1971 1210 2050 surdum,
1314 1989 1347 2042 35

369 2060 429 2118 Seu
450 2074 554 2117 ceraso
576 2064 701 2134 peccent
723 2057 829 2129 casiae,
853 2055 968 2113 nescire
991 2063 1117 2131 paratus.
1140 2090 1181 2100 -

366 2140 448 2200 llaec
467 2141 565 2199 cluere
585 2138 704 2197 ulterior
725 2134 858 2198 metuas?
877 2166 921 2182 —·
951 2136 987 2197 tta
1008 2136 1120 2197 Bestius
1141 2147 1226 2214 urget

366 2222 514 2284 Doctores
539 2221 659 2283 Graios:
691 2219 742 2282 lto
761 2221 812 2298 fit,
833 2227 995 2300 postquam
1015 2239 1128 2300 sapere
1149 2223 1220 2284 arbi

369 2304 447 2366 Cum*
461 2306 571 2384 pipere
591 2312 620 2364 et
636 2305 749 2382 palmis
761 2307 861 2382 venit,
881 2312 1016 2368 raortrum
1030 2305 1087 2366 lroc
1101 2306 1197 2368 mame
1212 2323 1345 2384 eapers5

367 2387 553 2451 Foeaiaecae
575 2406 683 2449 crasso
702 2389 850 2450 vitiarunt
869 2391 1001 2469 crapulae
1020 2391 1131 2469 pultes.
1312 2398 1346 2453 to

368 2471 448 2531 Tune
471 2472 546 2532 bona
566 2471 717 2531 incolumis
742 2470 927 2532 minuas'l*
949 2473 988 2533 At
1008 2482 1054 2548 tu,
1081 2492 1163 2534 meus
1186 2473 1273 2534 heres

368 2553 504 2633 Quisquis
527 2557 601 2629 eris,
624 2554 739 2633 paulurn
760 2572 777 2615 a
798 2556 881 2616 turba
901 2556 1049 2616 seductior
1073 2557 1152 2616 audi:

368 2635 392 2696 0
415 2638 510 2713 bone,
532 2655 598 2696 num
617 2635 756 2714 ignoras?
779 2639 867 2699 missa
891 2648 936 2715 est
958 2658 974 2698 a
1001 2635 1128 2699 Caesare
1151 2640 1249 2701 laurus

367 2720 512 2798 insignem
536 2721 574 2780 ob
595 2721 708 2781 cladem
730 2720 889 2782 Germanae
912 2722 1013 2802 pubis,
1036 2730 1065 2782 et
1087 2723 1144 2783 aris

306 2826 309 2833 ·
367 2803 500 2881 Frigidus
525 2806 669 2866 excutitur
689 2807 776 2883 cinis,
801 2825 836 2867 ac
856 2809 910 2866 iam
932 2807 1064 2885 postibus
1084 2825 1173 2883 arma,
1312 2813 1346 2868 45

301 2928 307 2939 ,
366 2885 426 2947 lam
449 2888 615 2963 chlamydes
636 2909 753 2967 regum,
773 2892 829 2951 iam
851 2891 928 2950 lutea
950 2909 1078 2969 gausapa
1105 2890 1196 2967 captis

368 2969 539 3049 Essedaque
561 2973 753 3052 ingentesque
775 2975 854 3034 locat
875 2970 1019 3035 caesoria
1042 2973 1171 3032 Rhenes.

368 3052 422 3114 Dis
443 3055 527 3130 igitur
547 3057 693 3133 genioque
714 3056 796 3116 ducis
819 3065 932 3117 centum
951 3059 1031 3135 paria
1050 3055 1087 3115 oh
1105 3069 1153 3113 res
1229 3079 1231 3084 ·

367 3134 497 3213 Egregie
518 3147 617 3213 gestas
639 3140 759 3208 induco;
786 3142 850 3218 quis
868 3137 967 3200 vetat?
990 3139 1074 3201 aude.

367 3218 448 3295 Vae,
470 3221 525 3279 nisi
547 3221 700 3280 connives!
724 3224 821 3281 oleum
842 3233 1049 3302 artocreasque
1072 3216 1193 3298 popellO
1310 3230 1344 3285 50

366 3300 501 3378 Largior;
525 3321 561 3379 an
581 3302 742 3382 prohibes?
764 3304 810 3364 dio
830 3305 924 3365 clarel
949 3305 1016 3368 Non
1034 3304 1129 3377 adeo,
1152 3303 1260 3380 inquis,

368 3381 540 3447 anseotas
559 3387 743 3464 speritate
761 3395 817 3450 est.
850 3389 932 3465 Age,
957 3391 981 3447 si
1003 3387 1071 3447 milri
1091 3385 1170 3445 nulla

268 3527 271 3531 ,
368 3465 429 3527 lam
449 3469 562 3547 reliqua
585 3487 623 3528 ex
648 3471 755 3546 amitis,
780 3473 919 3548 patruelis
941 3471 1035 3546 nulla,
1056 3469 1206 3548 proneptis

367 3548 456 3611 Nulla
478 3561 574 3612 manet
600 3554 709 3630 patrui,
735 3554 842 3612 sterilis
867 3562 1022 3614 matertera
1045 3553 1127 3628 vixit,

369 3631 474 3711 Deque
497 3638 560 3696 avia
586 3635 702 3695 nihilum
724 3647 875 3714 superest,
900 3637 1009 3695 accedo
1034 3636 1161 3696 Bovillas
1311 3646 1345 3701 55

370 3713 540 3797 clivumque
565 3719 600 3781 ad
620 3718 719 3798 Virbi,
742 3730 861 3798 praesto
883 3728 929 3780 est
949 3721 1016 3780 milri
1036 3720 1147 3781 llanius
1169 3722 1264 3781 heres.
1281 3755 1322 3765 -

1386 2116 1388 2153 Ι

1386 2177 1389 2221 l
