3267 4409
554 479 981 561 naramhnaronam.
997 478 1050 546 ιιι.
1258 484 1322 551 aar

367 635 453 697 Dixit
465 631 548 695 idem
564 635 706 713 quotiens
719 631 832 694 lascivo
846 632 919 694 luno
935 633 1068 696 Tonanti
1076 635 1096 696 1²

384 708 392 723 ’
408 719 469 781 llle
483 727 586 778 tamen
601 716 709 798 grandi
725 736 792 777 cnm
807 717 987 797 Ganymede
1002 719 1093 780 iacet.

343 806 549 868 51ncurvabat
564 802 665 882 Hylan
679 804 780 883 posito
789 802 982 881 'Tirynthius
997 823 1083 864 arcu:

409 891 459 950 Tu
473 888 621 966 Megaran
636 886 738 947 credis
752 905 814 945 non
830 887 973 946 habuisse
989 888 1100 948 nates?

366 974 548 1053 Torquebat
562 971 719 1031 Phoebum
734 969 1019 1049 Daphnefngitiva:
1040 970 1181 1033 sedilias

408 1056 553 1119 Oebalius
566 1056 701 1115 flammas
714 1054 804 1114 iussit
823 1055 908 1114 abire
923 1073 1010 1135 puer.

364 1143 482 1203 Briseis
496 1139 623 1199 multum
638 1139 771 1216 quamvis
787 1157 892 1198 aversa
905 1140 1039 1219 iaceret,

324 1238 359 1290 10
406 1223 560 1286 Aeacidae
574 1223 702 1302 propior
715 1220 794 1281 loris
809 1224 1014 1295 amicuserat.
1053 1231 1055 1236 '

365 1311 464 1371 Parce
479 1309 540 1368 tuis
554 1308 649 1385 igitur
663 1304 738 1364 dare
753 1307 886 1367 mascula
900 1308 1022 1366 nomina
1037 1307 1146 1386 rebus,

402 1389 518 1473 'leque
533 1398 607 1473 puta
622 1405 754 1467 cunnos,
773 1409 868 1469 uror,
889 1391 1006 1451 habere
1021 1389 1107 1455 duos.

746 1524 853 1587 XLIV.

365 1638 467 1699 Orbus
482 1655 516 1697 es
531 1642 563 1697 et
577 1632 736 1716 locuples,
758 1643 790 1697 et
804 1637 900 1697 Bruto
918 1636 1044 1699 consule
1059 1644 1147 1701 natus

404 1723 483 1782 Esse
496 1722 554 1781 tibi
567 1739 656 1781 veras
671 1721 773 1780 credis
789 1721 961 1782 amicitias?

366 1806 445 1866 Sunt
458 1823 565 1882 verae,
588 1804 643 1865 sed
660 1824 733 1882 quas
746 1806 880 1879 iuvenis,
903 1826 976 1884 qum
992 1824 1109 1888 pauper
1122 1806 1267 1871 habebas.

407 1890 467 1966 Qui
481 1908 577 1950 novus
592 1894 656 1969 cst,
677 1897 814 1950 mortem
824 1888 927 1970 diligit
940 1888 998 1951 ille
1013 1897 1105 1952 tuam.

722 2006 728 2015 ’
754 2021 847 2086 XLV.

363 2137 489 2197 Intrasti
504 2137 647 2215 quotiens
662 2136 829 2214 inscriptae
845 2132 953 2195 limina
966 2133 1083 2217 cellae,

407 2221 469 2281 Seu
482 2239 561 2301 puer
576 2220 696 2295 arrisit,
718 2221 782 2278 rive
798 2216 904 2298 puella
918 2219 992 2298 tibi,

365 2305 536 2367 Contentus
550 2323 612 2363 non
627 2321 661 2363 cs
674 2303 793 2362 foribus
807 2301 939 2382 veloque
954 2321 1104 2384 seraque,

408 2390 632 2466 Secretumque
645 2388 733 2447 iubes
751 2386 896 2466 grandius
912 2407 981 2448 csse
995 2390 1063 2449 tibi.

343 2470 527 2536 50blinitnr
541 2473 683 2531 minimae
699 2472 726 2531 si
741 2491 799 2550 qua
816 2478 865 2532 est
879 2473 1008 2554 suspitio
1022 2474 1119 2535 rimae

406 2558 585 2635 Punctaque
598 2555 711 2616 lasciva
726 2574 804 2636 quae
820 2559 1021 2617 terebrantur
1036 2577 1101 2621 acu.

364 2642 460 2703 Nemo
477 2647 525 2701 est
542 2647 605 2700 tam
616 2641 719 2700 teucri
737 2649 798 2701 tam
812 2638 1002 2720 sollicitique
1015 2641 1158 2723 pudoris,

405 2726 465 2802 Qui
479 2726 529 2787 vel
541 2725 701 2808 predicat,
724 2726 897 2806 Canthace,
919 2725 970 2788 vel
983 2727 1087 2790 futuit.

745 2875 852 2938 XLVI.

365 2990 427 3049 lam
440 2988 502 3062 nisi
517 3008 575 3070 per
590 3009 727 3049 somnum
740 3008 804 3049 non
818 2989 928 3067 arrigis
943 2995 977 3049 et
991 2989 1065 3068 tibi,
1085 2988 1207 3068 Maeui,

407 3072 519 3152 lncipit
533 3075 567 3133 in
580 3073 699 3134 medios
716 3073 834 3133 meiere
850 3091 944 3152 verpa
957 3071 1071 3153 pedes,

365 3155 518 3218 Truditur
532 3163 565 3218 et
580 3156 684 3236 digitis
699 3173 857 3236 pannucea
867 3155 1005 3216 mentula
1017 3155 1124 3236 lassis,

405 3241 471 3301 Nec
484 3239 572 3301 levat'
584 3243 752 3301 extinctum
766 3239 933 3300 sollicitata
948 3246 1046 3320 caput.

341 3324 449 3404 bQuid
464 3326 594 3385 miseros
607 3325 724 3385 frustra
739 3343 855 3384 cunnos
870 3323 1019 3404 culosque
1032 3322 1185 3386 lacessis?

404 3409 528 3471 Summa
541 3415 647 3491 petas;
664 3407 732 3469 illic
747 3406 886 3469 mentula
900 3409 975 3470 vivit
987 3427 1071 3472 anua.
1180 3470 1186 3487 ,

740 3543 861 3606 XLVII.

365 3656 475 3717 Omnia
488 3658 632 3718 femineis
648 3676 742 3737 quare
759 3657 873 3719 dilecta
888 3658 1018 3719 catervis

408 3739 526 3802 Balnea
540 3741 656 3802 devitat
668 3742 817 3805 Lattara?
845 3743 892 3804 Nc
907 3743 1020 3807 lutuat.

1069 3798 1365 3898 al
