3267 4409
310 406 388 521 ¹rao
617 536 620 541 ¹
646 456 1042 525 nvanomnrmms

409 609 490 687 Quas
506 628 574 669 eum
591 613 699 669 conata
713 628 747 669 es
767 608 890 688 dextra,
913 616 1024 672 conata
1038 572 1162 675 sinistra
1246 580 1248 589 Ι

450 691 597 770 Vellere,
620 711 687 752 eum
700 691 836 754 lacrimis
851 695 958 755 eximis
973 702 1007 756 et
1022 698 1149 775 gemitu.

387 776 462 840 tsie
476 778 728 855 constringuntur
742 778 863 856 gemina
878 777 1085 859 Symplegade
1100 780 1161 843 euli

450 860 492 921 Et
505 860 627 940 Minyas
641 863 759 921 intrant
775 863 975 942 Cyaneasque
988 869 1089 926 uates.

408 942 583 1007 Emendare
598 947 684 1025 cupis
699 947 804 1005 vitium
822 945 985 1007 deforme?
1006 945 1144 1009 docebor

449 1028 579 1109 Lesbia,
599 1047 658 1091 nee
671 1048 777 1108 surgas
792 1047 922 1107 censeo,
941 1048 1002 1091 nee
1020 1030 1141 1096 redeas.

828 1163 862 1224 (i.

407 1276 533 1337 Habere
547 1273 674 1335 amicam
688 1271 777 1351 nolo,
795 1272 925 1353 Florae,
946 1272 1109 1357 subtilem,

408 1361 502 1421 Cuius
516 1358 651 1420 lacertos
668 1355 752 1418 anuli
768 1358 830 1417 mei
845 1358 984 1440 cingant,

407 1445 493 1521 Quae
508 1442 599 1504 clune
613 1441 695 1503 nudo
711 1440 800 1503 radat
813 1447 846 1502 et
861 1460 941 1520 genu
954 1448 1090 1524 pungat,

408 1528 468 1589 car
482 1546 569 1588 serra
582 1525 712 1604 lumbis,
733 1525 836 1605 cuspis
852 1526 965 1586 emicet
979 1524 1061 1588 culo.

408 1610 472 1672 Sed
485 1611 568 1672 idem
584 1611 710 1672 amicam
724 1609 797 1669 nolo
810 1608 896 1670 mille
910 1608 1071 1674 librarum.

384 1756 387 1761 .
408 1696 573 1757 Carnarius
587 1714 669 1775 sum,
689 1694 879 1777 pinguiarius
893 1713 957 1754 nou
971 1713 1047 1756 rum.

826 1828 874 1889 cl.

410 1927 530 1990 Thaida
544 1934 606 1989 tam
622 1933 747 1989 tenuem
760 1929 906 2010 potuisti,
926 1925 1054 2010 Flaeee,
1076 1896 1202 1993 videret

451 2013 516 2092 Tu,
536 2019 630 2093 puto,
652 2012 735 2093 quod
749 2033 813 2075 nou
827 2019 891 2093 est,
912 2012 1044 2094 Flaeoe,
1065 2013 1174 2076 videre
1187 2019 1258 2099 patu

811 2147 876 2209 011.

406 2250 476 2310 Non
491 2251 540 2308 est
553 2248 718 2324 mentitus,
741 2248 840 2326 quite
856 2247 930 2306 mihi
946 2245 1023 2308 dixit
1038 2248 1159 2312 habere
1239 2248 1241 2255 '

448 2333 627 2392 Formosam
645 2350 785 2407 carnem,
804 2330 918 2410 Lydia,
940 2351 1002 2391 non
1015 2333 1137 2395 faeiem.

406 2419 463 2478 Est
477 2418 537 2492 ita,
560 2417 585 2474 si
602 2422 703 2474 taceas
718 2421 750 2474 et
765 2416 791 2474 si
806 2421 868 2474 tam
883 2423 966 2475 muta
980 2419 1160 2498 recumbas,

449 2501 545 2576 Quam
561 2499 632 2559 silet
647 2501 679 2556 in
694 2518 765 2558 aera
780 2497 881 2558 voltus
898 2501 976 2559 etin
991 2500 1104 2563 tabula.

386 2584 471 2645 asad
489 2585 631 2661 quotiens
645 2581 799 2660 loqueris,
822 2602 945 2642 earnem
962 2604 1100 2663 quoque,
1114 2585 1258 2669 Lydia,a

449 2670 490 2728 Et
505 2688 557 2726 sua
571 2666 641 2746 plus
658 2666 753 2746 nulli,
778 2687 867 2746 quam
881 2669 954 2744 tibi,
975 2666 1081 2746 lingua
1096 2677 1203 2732 uocet.

407 2753 520 2812 Audiat
535 2750 644 2811 aedilis
658 2770 698 2811 ue
713 2759 745 2810 te
760 2751 924 2829 videatque
940 2758 1061 2812 caveto:

447 2838 630 2896 Portentum
646 2842 710 2914 est,
733 2837 875 2915 quotiens
891 2838 995 2916 coepit
1007 2838 1105 2916 imago
1121 2834 1221 2922 loqui.

806 2969 881 3030 0111.
961 2982 963 2989 '

411 3070 511 3130 Tanta
525 3070 582 3129 tibi
600 3075 648 3129 est
663 3070 754 3128 animi
768 3071 906 3149 probitas
923 3071 1065 3150 orisque,
1086 3069 1233 3153 Safroni,

448 3155 492 3216 Ut
506 3156 600 3215 mirer
614 3155 685 3214 fieri
703 3162 734 3214 te
748 3155 886 3234 potuisse
899 3159 1029 3234 patrem.

805 3288 883 3351 clv.

406 3385 507 3462 Uxor,
528 3383 605 3444 vade
622 3387 722 3463 foras,
744 3393 795 3445 aut
810 3389 946 3446 moribus
961 3392 1051 3446 utere
1066 3391 1204 3450 nostris:

451 3470 519 3529 Non
535 3489 600 3529 sum
616 3489 673 3547 ego
688 3489 745 3529 neo
762 3472 890 3548 Curius,
911 3490 969 3530 neo
983 3473 1096 3548 Numa,
1119 3492 1183 3535 nec
1200 3474 1258 3537 Tar

406 3552 461 3611 Me
476 3553 607 3612 iucunda
621 3556 724 3614 iuvant
738 3561 856 3613 tractae
873 3574 930 3634 per
945 3554 1057 3634 poeula
1070 3564 1201 3619 noctes:

450 3637 498 3695 Tu
512 3656 661 3716 properos
675 3645 747 3718 pota
763 3658 890 3716 surgere
907 3641 1006 3698 tristis
1022 3658 1108 3718 aqua.

385 3719 458 3781 ὁΤι]
476 3723 613 3781 tenebris
629 3722 758 3802 gaudes:
779 3742 829 3783 me
843 3721 954 3783 ludere
969 3730 1049 3784 teste
1065 3723 1201 3788 lucerna
