3267 4409
705 498 829 547 SATIRA
850 500 888 547 11.

296 635 449 695 Anniculus
472 635 544 694 asini
570 637 633 712 quis
656 633 844 695 nonhabet?
868 636 925 695 hoc
947 652 1004 712 ego
1030 645 1174 714 opertum,

295 719 358 777 Hoc
380 719 477 778 ridere
500 737 611 793 meum,
634 727 691 779 tum
713 720 770 794 nil,
794 719 873 779 nulla
893 719 943 778 tibi
966 719 1062 779 vendo

296 801 396 862 lliude.
431 801 545 861 Audaci
570 804 743 881 quicumque
774 802 873 862 alllate
898 800 1014 862 Cratino
1106 860 1109 864 .

295 883 400 944 Iratum
419 885 593 964 Eupolidem
616 886 789 964 praegrandi
812 904 876 945 cum
899 904 970 945 sene
992 885 1097 964 palles,

295 959 407 1046 'Aspice
432 968 576 1044 ethaeo,
599 971 624 1028 si
646 970 723 1028 iorte
745 969 852 1046 aliquid
875 969 1024 1029 decoctius
1050 970 1141 1030 audis.
1229 982 1280 1035 125

295 1052 365 1112 lnde
387 1061 527 1130 vaporata
550 1053 645 1112 lector
665 1053 733 1112 milri
754 1053 868 1112 ferveat
891 1070 976 1112 aure:

295 1135 360 1195 Non
385 1136 448 1210 hic,
470 1137 518 1214 qui
542 1137 570 1194 in
592 1136 727 1213 crepidas
752 1133 902 1196 Graiorum
925 1134 1027 1195 ludere
1050 1137 1138 1214 gestit

297 1219 453 1294 Sordidus,
479 1227 507 1277 et
532 1219 615 1278 lusco
638 1220 694 1306 qu‘q
707 1221 801 1297 possit
826 1221 926 1280 dicere
950 1221 1042 1296 lusce,

297 1305 372 1362 Sese
399 1303 524 1380 aliquem
549 1303 690 1378 credens,
717 1302 790 1362 ltalo
815 1302 893 1380 quod
915 1302 1027 1362 bonore
1051 1305 1169 1382 supinus

296 1385 431 1463 Fregerit
450 1386 578 1445 heminas
602 1386 701 1446 Arreti
723 1386 825 1445 aedilis
849 1387 976 1465 iniquas;
1230 1397 1281 1451 130
1358 1404 1371 1417 ⁶

296 1469 360 1529 Nec
383 1470 431 1547 qui
454 1469 546 1529 abaco
568 1485 704 1529 numeros
729 1479 766 1528 et·
785 1479 869 1529 secto
893 1470 921 1528 in
946 1470 1068 1548 pulvere
1090 1479 1181 1531 metas

298 1554 359 1612 Scit
381 1553 483 1612 risisse
504 1553 604 1628 vafer,
630 1553 747 1612 multum
769 1554 901 1628 gaudere
927 1562 1054 1631 paratus,

298 1638 329 1696 Si
352 1633 462 1711 Cynico
491 1634 610 1696 barbam
627 1635 765 1715 petulans
788 1637 907 1695 nonaria
935 1637 1035 1697 vellat.

297 1718 348 1778 llis
370 1738 452 1780 mane
478 1720 618 1797 edictum,
645 1728 714 1800 post
735 1720 856 1800 prandia
880 1716 1028 1782 Calliroen
1048 1720 1095 1781 dc.

633 2049 869 2114 SATIRA
899 2048 944 2112 Π.

299 2176 407 2278 Hunc,
428 2202 571 2281 Macrine,
598 2204 673 2265 diem
697 2223 815 2266 numera
835 2204 960 2265 meliore
984 2202 1096 2281 lapillo,

300 2291 357 2365 Qui
381 2287 431 2346 tibi
456 2288 588 2348 lubentes
614 2293 732 2369 apponit
757 2290 893 2350 candidus
919 2303 1024 2354 annos;

300 2372 400 2434 Funde
425 2389 533 2430 merum
553 2374 652 2448 genio.
691 2373 757 2433 Non
780 2383 810 2432 tu
834 2390 924 2450 prece
948 2372 1047 2449 poscis
1073 2372 1175 2447 emaci,

300 2458 382 2531 Quae
405 2455 459 2514 nisi
481 2455 607 2515 seductis
630 2474 760 2534 nequeas
787 2458 967 2516 committere
993 2455 1080 2521 divis;

301 2541 338 2599 At
365 2538 440 2598 bona
465 2557 533 2615 pars
557 2556 713 2616 procerum
733 2542 821 2601 tacita
842 2539 944 2599 libabit
962 2556 1074 2599 acerra.
1265 2550 1281 2600 5

299 2622 381 2683 Haud
399 2622 489 2682 cuivis
506 2633 670 2700 promptum
688 2634 932 2702 estmurmurque
950 2623 1130 2700 humilesque
1149 2640 1281 2707 susurros

301 2706 422 2767 Tollere
448 2705 484 2764 de
509 2706 624 2783 templis
647 2715 676 2767 et
698 2717 800 2784 aperto
820 2709 921 2766 vivere
946 2716 1025 2766 voto.

300 2789 389 2851 lieris
405 2791 495 2864 bona,
516 2790 614 2866 fama,
632 2790 721 2867 fides,
745 2790 820 2849 haec
843 2789 921 2849 clare
941 2797 970 2847 et
989 2796 1019 2847 ut
1041 2787 1135 2848 audiat
1156 2786 1278 2865 hospes:

301 2874 355 2934 llla
380 2872 433 2932 sibi
455 2874 609 2932 introrsum
634 2882 664 2933 et
688 2873 741 2931 sub
764 2873 862 2948 lingua
878 2879 1054 2930 murmurat:
1088 2868 1158 2929 Osi

300 2956 429 3017 Ebulliat
454 2965 571 3033 patruus
581 2954 593 3031 ‚'
616 2955 797 3034 praeclarum
818 2953 916 3014 funus!
940 2963 983 3013 et:
1017 2951 1088 3033 Qsi
1249 2964 1281 3015 10

301 3038 361 3101 Sub
390 3047 484 3098 rastro
511 3048 613 3116 crepet
637 3041 751 3116 argenti
770 3038 838 3100 milri
859 3038 934 3098 seria
960 3038 1063 3098 dextro

300 3121 441 3183 llercule!
463 3122 642 3201 pupillumve
664 3124 785 3197 utinam,
808 3140 894 3200 quem
915 3121 1061 3199 proximus
1084 3117 1172 3178 lieres

301 3205 442 3284 lmpcllo‚
470 3205 648 3284 expungam!
673 3224 797 3283 namque
825 3215 870 3266 est
894 3204 1063 3279 scabiosus,
1086 3211 1115 3262 et
1136 3204 1197 3262 acri

301 3290 363 3349 Bile
386 3297 484 3348 tumet.
517 3288 607 3349 Nerio
630 3291 686 3349 iam
708 3290 946 3361 tortiaconditur
968 3286 1056 3347 uxor!
1078 3320 1116 3331 -

301 3372 381 3433 llaec
402 3381 504 3432 sancte
527 3382 556 3432 ut
578 3389 702 3451 poscas,
725 3372 864 3433 'liberino
888 3373 917 3431 in
938 3371 1052 3448 gurgite
1073 3370 1181 3446 mergis
1247 3380 1280 3432 15

302 3456 386 3516 Mane
410 3465 497 3533 caput
518 3454 563 3515 bis
585 3466 688 3539 terque
710 3465 739 3517 et
763 3466 879 3516 noctem
900 3455 1015 3516 tluminc
1041 3450 1169 3531 purgas?

301 3539 381 3599 Heus
400 3557 472 3616 age,
495 3541 691 3618 responde-
706 3540 848 3599 minimum
869 3538 1010 3616 estquod
1032 3539 1109 3597 scire
1128 3536 1281 3597 laboro-

301 3623 347 3682 De
364 3621 435 3682 love
458 3623 526 3701 quid
548 3622 659 3683 sentis?
682 3632 763 3684 estne
785 3632 815 3682 ut
837 3638 1020 3700 praeponere
1043 3637 1128 3680 cures

301 3705 384 3765 lluno
398 3741 441 3753 —
462 3704 596 3766 cuinam?
618 3704 750 3768 cuinam?
770 3708 814 3768 vis
836 3702 939 3773 Staio?
962 3722 997 3766 an
1017 3705 1131 3765 scilicet
1152 3699 1279 3764 haeresi
