3267 4409
324 463 366 524 50
650 422 1047 523 murcomannus

284 678 289 685 ,
411 615 459 675 Te
472 612 714 675 Lacedaemonio
729 613 812 673 velat
825 618 897 691 toga
910 608 976 672 lota
991 610 1126 673 Galaeso
1244 674 1254 684 ,

436 696 511 775 ,vel
528 718 618 778 quam
633 699 769 776 seposito
786 695 825 755 de
840 714 935 774 grege
949 697 1059 775 Parmp
1074 696 1181 777 dedit,
1291 725 1295 733 ·

386 778 452 846 ant
466 801 515 842 me
530 801 608 861 quae
622 771 710 860 pa'ssa
724 786 773 840 est
785 780 882 843 furias
898 787 931 840 et
945 800 1060 841 cornua
1072 783 1172 861 tauri,

449 866 593 926 Noluerit
609 864 670 925 dici
686 884 774 944 quam
788 862 853 943 pila
866 865 965 944 prima
979 883 1072 925 suam.

408 951 498 1011 Misit
512 952 691 1029 Agenoreas
706 946 812 1008 Cadmi
828 949 887 1007 tibi
901 953 987 1007 terra
1001 947 1161 1009 lacernas:
1181 976 1195 995 κ

401 1057 404 1063 “
450 1034 520 1095 Non
533 1031 649 1094 vendes
663 1032 793 1091 nummis
810 1033 935 1092 coccina
948 1038 1055 1092 nostra
1068 1034 1181 1098 tribus.
1250 1080 1256 1091 .
1278 1038 1283 1051 '

409 1119 459 1178 Tu
473 1115 702 1196 Libycoslndis
718 1114 881 1194 suspendis
896 1115 1041 1175 dentibus
1056 1118 1167 1177 orbes:

367 1214 401 1264 10
448 1201 590 1262 Fulcitur
605 1206 686 1260 testa
700 1200 802 1278 fagina
816 1218 921 1258 mensa
937 1200 1023 1258 mihi.

408 1280 566 1365 Immodici
579 1284 638 1344 tibi
652 1285 730 1343 flava
743 1289 853 1361 tegunt
868 1282 1077 1362 chrysendeta
1090 1281 1196 1344 mulli:

452 1367 607 1429 Concolor
621 1369 654 1426 in
669 1374 793 1449 nostra,
815 1385 982 1445 cammure,
1003 1365 1094 1427 lance
1109 1369 1214 1432 rubes.

410 1453 495 1513 Grex
508 1460 578 1512 tuus
594 1451 686 1512 iliaco
700 1457 826 1532 poterat
841 1457 963 1511 certare
980 1450 1126 1529 cinaedo,

452 1538 494 1596 At
507 1537 583 1596 mihi
598 1537 751 1596 succurrit
764 1555 822 1615 pro
839 1534 1018 1614 Ganymede
1034 1554 1149 1596 manus.

367 1622 453 1682 15Ex
469 1621 577 1699 opibus
591 1621 685 1678 tantis
700 1621 799 1680 veteri
814 1618 939 1698 fidoque
955 1618 1053 1679 sodali

450 1705 510 1765 llas
525 1703 603 1762 nihil
618 1711 650 1762 et
665 1703 757 1782 dicis,
781 1701 937 1784 Candide,
958 1693 1055 1765 κοινὰ
1070 1702 1204 1781 octove

794 1837 903 1905 xuni„

406 1950 477 2010 Emi
491 1968 547 2009 seu
560 1939 691 2030 puerum
705 1956 844 2029 togamve
859 1967 969 2028 pexam

323 2044 325 2049 '
408 2034 472 2093 Seu
486 2035 561 2112 tris,
581 2040 615 2093 ut
629 2040 718 2114 puto,
740 2039 923 2113 quattuorve
936 2032 1050 2110 libras,

409 2119 520 2178 Sextus
535 2120 676 2198 protinus
691 2117 747 2178 ille
761 2118 939 2195 fenerator,

406 2203 509 2277 'Quem
523 2204 620 2263 nortis
635 2209 774 2263 veterem
790 2218 890 2261 meum
906 2199 1059 2280 sodalem,

387 2286 455 2346 5Ne
472 2284 547 2364 quid
561 2286 644 2346 forte
659 2292 762 2366 potam
777 2287 867 2346 timet
882 2291 1047 2365 cavetque,

407 2370 450 2428 Et
463 2387 582 2446 secum,
604 2369 661 2429 sed
675 2376 710 2429 ut
725 2355 862 2447 audilm,
881 2375 1038 2431 susurrat:

409 2452 559 2531 „Septem
572 2451 656 2512 milia
672 2453 771 2513 debeo
787 2452 948 2531 Secundo,

407 2536 534 2595 Phoebo
552 2542 713 2615 quattuor,
733 2535 877 2596 undecim
891 2536 1032 2615 Phileto,

359 2661 362 2667 -
408 2620 450 2680 Et
465 2618 618 2699 quadrans
632 2623 707 2681 mihi
721 2619 824 2680 nullus
840 2625 889 2680 est
904 2623 936 2680 in
951 2620 1055 2685 orca.“

366 2704 434 2766 100
450 2703 566 2782 grande
579 2706 736 2784 ingenium
749 2706 812 2765 mei
827 2703 957 2765 sodalis!

408 2788 525 2848 Durum
540 2794 604 2867 est,
627 2790 737 2868 Sexte,
759 2808 890 2867 negare,
913 2810 981 2849 cum
995 2790 1131 2869 rogaris,

408 2873 528 2949 Quanto
544 2873 666 2953 durius,
688 2881 850 2952 antequam
865 2875 1000 2953 rogeris!
1166 2882 1170 2889 '

793 3007 888 3071 XLV.

408 3122 492 3198 Quae
508 3122 566 3183 tibi
580 3139 642 3179 uon
657 3121 757 3179 stabat
770 3121 911 3200 praecisa
926 3124 974 3180 est
989 3117 1143 3198 mentula,
1167 3120 1293 3204 Glyptc.

448 3204 600 3286 Demens,
620 3225 688 3266 cum
702 3205 788 3264 ferro
806 3204 881 3283 quid
895 3204 975 3264 tibi?
1003 3203 1110 3266 Gallus
1127 3223 1207 3269 eras.

792 3338 898 3401 XLVI.

405 3446 533 3508 Florida
547 3468 605 3528 per
619 3451 718 3510 varios
732 3457 766 3510 ut
780 3448 1037 3529 pingiturHybla
1052 3450 1192 3530 colores,

449 3533 525 3592 Cum
541 3534 634 3594 breve
651 3534 789 3593 Sicaniae
804 3551 859 3593 ver
872 3533 1061 3614 populantur
1076 3555 1168 3616 apes,

407 3614 458 3675 Sic
473 3621 525 3675 tua
539 3619 706 3696 suppositis
721 3616 878 3679 collucent
893 3617 1000 3698 praela
1013 3616 1174 3699 lhcerl'ais,

448 3700 499 3760 Sic
515 3701 607 3761 micat
619 3701 788 3762 innumeris
804 3701 909 3764 arcula
923 3704 1137 3784 synthesibus,
1250 3708 1255 3718 ’
