3267 4409
293 265 1338 327 ξ

327 545 367 610 70
646 546 691 609 Μ.
707 545 799 610 VAL.
815 544 1042 608 MARTIALIS

409 701 462 760 Lis
478 694 556 778 erit,
577 700 696 778 ingenti
710 699 806 760 ficiet
820 699 952 760 convitia
966 717 1059 760 voce:

369 796 402 848 10
448 786 526 846 Esse
542 783 644 864 pudor
657 785 756 844 votuit
769 784 863 843 fortia
876 785 971 843 verba
984 784 1068 844 mihi.
1106 781 1133 839 .“

409 870 514 949 „Ergo
529 867 609 927 nihil
623 868 734 928 nobis“
747 869 850 946 inquis
865 869 1059 947 „praestabis
1074 868 1235 931 amicus‘l“

451 951 609 1032 Quidquid
621 951 769 1030 libertus,
791 949 948 1032 candide,
969 970 1032 1012 non
1045 954 1173 1034 poterit.

779 1085 901 1151 XLVII.

407 1202 532 1281 Capena
546 1198 655 1280 grandi
668 1205 759 1279 porta
774 1220 834 1280 qua
851 1197 934 1281 pluit
950 1206 1036 1279 gutta

407 1285 637 1365 Phrygiumque
653 1284 765 1345 Matris
780 1283 871 1344 Almo
888 1305 947 1364 qua
960 1285 1041 1346 lavat
1053 1286 1190 1366 ferrum,

407 1370 607 1429 Horatiorum
624 1389 682 1447 qua
692 1370 777 1429 ¹viret
792 1387 880 1428 sacer
895 1389 1018 1448 campus

406 1455 448 1513 Et
466 1472 524 1530 qua
536 1451 642 1532 pusilli
656 1453 760 1512 fervet
772 1452 918 1512 Herculis
933 1453 1053 1532 fanum,
1096 1504 1104 1514 .

305 1577 317 1597 .
387 1537 574 1615 5Faustine,
594 1534 689 1616 plena
701 1537 813 1596 Bassus
828 1538 893 1597 ibat
905 1537 937 1596 in
951 1535 1047 1616 reda,
1078 1582 1098 1607 ,f

407 1621 521 1680 Omnes
535 1622 736 1700 beaticopias
750 1622 878 1681 trahens
893 1622 984 1682 ruris.

405 1703 473 1764 lllic
488 1705 611 1765 rideres
624 1706 737 1765 frutice
751 1704 850 1765 nobili
865 1703 969 1765 caules
1048 1736 1054 1743 ·

405 1790 447 1849 Et
460 1793 624 1868 utrumque
638 1808 765 1868 porrum
780 1788 967 1868 sessilesque
980 1787 1115 1851 lactucas

405 1873 561 1952 Pigroque
577 1874 678 1933 ventri
692 1892 754 1935 non
768 1874 895 1934 inutiles
911 1875 1006 1934 betas.

363 1955 472 2019 rolllic
487 1976 630 2020 coronam
643 1958 807 2037 pinguibus
822 1977 945 2036 gravem
959 1956 1059 2018 turdis

405 2042 622 2123 Leporemque
636 2041 752 2101 laesum
769 2041 881 2102 Gallici
896 2043 980 2103 canis
995 2040 1090 2102 dente

404 2126 610 2206 Nondumque
624 2126 704 2186 ricta
716 2123 850 2185 lacteum
866 2126 937 2185 faba
950 2145 1087 2206 porcum.

403 2211 469 2270 Nec
483 2211 613 2271 feriatus
625 2212 691 2271 ibat
704 2219 775 2269 ante
791 2230 964 2287 carrucam,

406 2293 469 2353 Sed
482 2300 548 2354 tuta
562 2296 635 2355 feno
652 2314 760 2354 cursor
775 2314 830 2354 ova
844 2295 997 2374 portabat.

364 2387 396 2439 15
404 2377 522 2438 Urbem
536 2380 664 2459 petebat
678 2377 814 2438 Bassus?
834 2379 927 2438 immo
942 2398 995 2439 rus
1008 2379 1083 2441 ibat.

773 2510 907 2574 XLVlll.

404 2624 554 2703 Pauperis
568 2625 703 2684 extruxit
717 2624 841 2704 cellam,
864 2623 921 2685 sed
933 2623 1075 2686 vendidit
1087 2622 1166 2685 Olus

446 2707 594 2769 Praedia:
615 2728 696 2769 nnnc
709 2707 819 2769 cellam
833 2711 979 2791 pauperis
997 2707 1074 2770 Olus
1087 2709 1192 2773 habet.

782 2856 890 2920 XLIX.

401 2970 574 3031 Veientana
587 2971 663 3030 mihi
677 2971 805 3050 misces,
827 2973 880 3044 ubi
896 2971 1030 3033 Massica
1042 2979 1147 3054 potas:
1263 2983 1273 3000 ·

446 3054 592 3115 Olfacere
606 3057 683 3116 haec
697 3054 778 3116 malo
793 3055 922 3137 pocula,
944 3076 1033 3136 quam
1047 3058 1166 3118 bibere.

822 3191 857 3254 L.

402 3302 488 3361 Haec
502 3304 578 3382 tibi,
597 3323 660 3364 non
675 3304 752 3384 alia,
772 3311 822 3366 est
836 3304 875 3365 ad
888 3324 995 3366 cenam
1007 3325 1097 3366 causa
1110 3306 1258 3388 vocandi,

314 3404 316 3409 ·
442 3386 623 3449 Versiculos
637 3391 753 3449 recites
768 3395 821 3468 ut,
843 3389 1007 3468 Ligurine,
1027 3395 1107 3451 tuos.

293 3548 296 3555 A
399 3469 536 3549 Deposui
550 3471 668 3551 soleas,
688 3475 819 3532 affertur
832 3475 973 3552 protinus
986 3475 1097 3553 iugens

441 3554 527 3614 Inter
540 3553 677 3616 lactucas
692 3576 919 3635 oxygarumque
933 3555 1024 3619 liber.

302 3684 305 3692 .
378 3633 492 3696 adlter
507 3641 695 3719 porrigitur,
717 3638 788 3699 dum
803 3640 925 3701 fercula
938 3643 1038 3722 prima
1054 3649 1230 3705 morantur:
1286 3686 1290 3693 =

443 3720 570 3782 Tertius
585 3730 649 3799 est,
671 3742 774 3803 neque
788 3723 889 3784 adhuc
903 3744 1009 3785 mensa
1023 3726 1158 3791 secunda
1172 3729 1267 3790 veuit.

397 3804 440 3864 Et
455 3811 596 3884 quartum
610 3809 724 3868 recitas
738 3814 771 3885 ct
786 3810 926 3889 quintum
941 3808 1075 3888 denique
1090 3811 1207 3874 broma.
