3267 4409
580 478 705 529 MIRA
727 480 762 531 Χ.
1153 474 1194 538 73

298 638 370 691 uas:
390 634 459 681 nox
479 581 566 698 quum
589 618 703 681 dederit
725 618 851 682 Servilia
871 596 1012 702 nummos,

298 705 439 781 utililas,
463 722 548 783 quam
570 721 628 763 uon
648 712 739 780 amat,
763 715 852 766 eruet
875 723 988 769 omnem
1140 720 1195 776 82⁰
1279 728 1282 734 ⁴

298 792 348 852 tris
372 797 517 857 ornatum
542 786 609 866 quid
631 789 706 847 euim
729 788 787 850 ulla
809 793 960 867 negaverit
982 792 1047 853 udis

298 869 399 937 rlbus'l
422 874 483 933 sire
507 880 552 932 est
576 871 650 933 iraeo
672 870 781 951 Oppia,
805 876 868 934 siue
887 873 1000 937 Catulla

298 962 361 1035 ior,
388 966 468 1017 totos
488 955 576 1017 habet
598 956 658 1016 illio
681 956 785 1018 lemine
806 975 961 1018 mores.-

298 1052 370 1105 uslo
397 1042 464 1120 quid
489 1041 581 1101 iorma
603 1036 711 1100 nooeti
727 1074 769 1089 -·
788 1040 864 1115 Quid
886 1040 996 1120 proluit
1016 1041 1102 1103 immo

298 1128 366 1205 tlyto
388 1143 479 1203 graue
503 1126 698 1204 propositum,
725 1125 793 1204 quid
814 1125 1057 1206 Bellerophonti?
1142 1138 1195 1194 aso

298 1213 327 1273 rit
351 1226 455 1288 nempe
478 1208 552 1269 haee
574 1226 629 1268 oeu
650 1208 796 1285 fastidita,
821 1210 940 1289 repulsa

298 1293 478 1357 stheneboea
501 1294 593 1353 miuus
617 1309 701 1371 quam
728 1291 836 1353 Cressa
860 1295 1031 1373 excanduit,
1055 1305 1084 1357 et
1108 1315 1142 1357 se

298 1397 395 1441 msere
419 1377 530 1439 ambae.
564 1375 668 1437 liulier
693 1378 864 1438 saevissima
887 1388 954 1439 tuno
977 1390 1033 1456 est,

298 1490 301 1525 l
325 1461 458 1524 stimulos
479 1461 547 1521 odio
567 1460 663 1539 pudor
685 1460 829 1521 admouet.
863 1461 966 1539 Elige,
991 1464 1125 1543 quidnam

298 1549 391 1609 tudam
417 1564 484 1605 esse
510 1554 612 1624 putes,
640 1545 685 1603 oui
707 1543 817 1605 nubere
842 1544 978 1606 Caesaris
999 1566 1073 1609 uxor
1145 1559 1199 1614 330

298 1640 351 1693 rat.
387 1629 517 1709 Optimus
543 1628 590 1688 irio
614 1637 643 1688 et
664 1628 892 1689 formosissimus
914 1631 992 1692 idem

298 1736 307 1777 s
334 1715 475 1795 patriciae
497 1713 608 1791 rapitur
633 1713 721 1771 miser
747 1713 979 1790 exstinguendus

298 1800 384 1863 alinae
410 1796 517 1863 oculis;
539 1797 642 1856 dudum
670 1796 755 1856 sedet
780 1797 831 1858 illa
855 1808 955 1875 parato

298 1882 387 1945 neolo
409 1880 572 1961 Tyriusque
594 1879 688 1958 palam
708 1879 832 1956 genialis
855 1881 884 1941 in
903 1882 996 1942 hortis
1053 1892 1056 1897 ’

298 1970 368 2043 itur,
391 1974 422 2026 et
443 1965 497 2025 ritu
521 1964 621 2024 deoies
649 1972 771 2024 centena
796 1963 938 2025 dabuntur
1143 1976 1197 2031 335

298 2069 353 2128 uo,
377 2051 474 2109 reniet
497 2066 561 2108 oum
582 2047 778 2126 signatoribus
799 2065 922 2127 auspex.

307 2146 339 2197 tu
362 2142 477 2194 semela
499 2141 528 2193 et
550 2133 651 2211 paucis
674 2133 827 2192 oommlssa
848 2129 995 2211 putabas?

298 2220 352 2281 uisi
374 2218 505 2295 legitime
530 2215 591 2277 ruit
612 2215 732 2276 nubere.
769 2213 845 2289 Quid
867 2216 999 2295 placeat,
1025 2214 1085 2285 dio:

298 2320 373 2365 rere
395 2301 486 2377 reiis,
508 2301 689 2381 pereundum
710 2300 765 2360 erit
787 2309 855 2360 anto
875 2301 1026 2368 lucernam

298 2388 364 2449 elus
389 2385 536 2461 admittas,
559 2384 673 2445 debitur
694 2401 775 2446 mora
797 2384 933 2463 parvula,
960 2384 1027 2445 dum
1048 2401 1096 2445 res
1147 2394 1201 2450 sto

308 2471 374 2534 urbi
398 2479 428 2531 et
450 2468 561 2551 populo
585 2471 732 2546 contingat
753 2469 894 2548 prinoipis
916 2486 1026 2530 aurem.

298 2574 350 2618 nus
370 2554 422 2615 ille
446 2554 548 2615 domus
570 2554 644 2613 solet
662 2552 794 2621 ultimum
817 2554 931 2614 interea
953 2561 983 2614 tu

298 2658 386 2721 quere
411 2639 550 2719 imperio,
573 2639 598 2697 si
620 2638 690 2698 tanti
713 2637 771 2697 ritu
794 2635 908 2697 dierum

298 2742 385 2785 rrum:
420 2721 557 2802 quidquid
575 2721 668 2781 leuius
690 2721 854 2799 meliusque
877 2721 1002 2800 putaris,

298 2807 383 2870 reuda
406 2816 451 2867 est
468 2806 568 2884 gladio
590 2805 711 2885 pulohru
732 2804 807 2865 liaeo
829 2814 859 2865 et
879 2803 1000 2869 candida
1022 2803 1201 2868 consimilis
1222 2848 1225 2853 -

323 2909 398 2970 ergo
421 2890 561 2970 optabunt
581 2886 738 2949 homines?
758 2921 802 2938 -·
820 2889 852 2949 Si
874 2886 1025 2949 eonsilium
1045 2889 1102 2963 vis,

298 2980 365 3039 itles
387 2976 459 3055 ipsis
486 2974 655 3053 expendere
677 2971 855 3048 numinibus,
880 2972 947 3051 quid

298 3062 376 3123 eniut
400 3059 485 3120 uobis
510 3058 659 3137 rebusque
682 3059 719 3118 sit
741 3057 812 3117 utile
835 3057 953 3117 uostris.

303 3161 361 3227 pro
384 3143 516 3204 ineundis
537 3144 684 3222 aptissima
708 3159 843 3221 quaeque
865 3139 971 3201 dabunt
995 3138 1034 3200 di.

300 3248 316 3291 r
340 3236 385 3291 est
406 3228 464 3288 illis
487 3226 590 3302 homo,
617 3244 701 3305 qnam
725 3225 790 3285 eibi.
825 3224 887 3285 Nos
909 3225 1067 3283 animorum
1150 3228 1204 3284 350

298 3315 342 3376 lsu
367 3312 397 3373 et
419 3330 509 3372 oaeoa
529 3328 690 3389 magnaque
714 3309 851 3388 cupidine
876 3308 952 3369 duoti

298 3398 386 3477 rgium
408 3398 532 3475 petimus
554 3405 726 3475 partumque
748 3394 864 3461 uxoris:
887 3400 916 3452 at
938 3391 1002 3451 illis>

298 3502 334 3559 u,
364 3482 412 3559 qui
436 3481 520 3560 pueri
545 3478 698 3559 qualisque
720 3478 815 3539 lutura
837 3478 874 3536 sit
895 3491 978 3535 uxor.

298 3584 370 3628 nren
391 3568 420 3624 e'l
445 3581 552 3643 poscas
575 3561 684 3642 aliquid
709 3578 879 3639 voveasque
902 3558 1021 3620 sacellis

309 3660 342 3712 et
367 3648 512 3710 candiduli
535 3649 630 3709 divina
651 3645 795 3707 tomacula
817 3644 912 3723 porei,
1152 3651 1206 3707 355

298 3738 358 3801 ium
381 3742 444 3812 est,
465 3741 495 3793 ut
518 3734 555 3793 sit
576 3750 658 3794 mens
680 3748 750 3792 sana
771 3731 800 3790 in
820 3745 948 3810 eorpore
970 3744 1052 3789 sano.

545 3844 567 3895 Ι
