3267 4409
326 453 363 500 tv
713 448 920 498 PRAEFATIO.

331 598 411 668 plures
421 602 446 650 et
457 592 547 649 scholia
557 592 642 649 eodem
653 595 794 665 pertinentia
805 594 838 649 ita
855 598 1020 660 accesserunt,
1041 600 1069 648 ut
1080 610 1148 651 nune
1158 594 1210 651 iere
1220 594 1306 653 dnode-

332 682 380 736 eim
394 695 473 735 rerum
491 679 692 733 luvenaliauamm
710 686 784 732 testes
797 679 939 743 habeamus,
959 677 1086 749 dequibus
1098 685 1124 733 et
1138 677 1307 751 Pinzgemsin

331 765 351 821 l.
363 764 420 819 Chr.
432 763 498 818 lalru.
509 761 538 816 N.
550 762 633 817 dunal.
646 765 712 819 1835
723 763 750 817 T.
762 763 822 827 lllV,
837 778 863 832 p.
876 766 926 821 eol
939 778 990 833 sqq.
1003 767 1027 815 et
1037 777 1082 817 nos
1095 762 1240 829 inProoem.
1251 764 1307 825 leet.

333 848 400 903 Gott.
420 851 487 904 1843
505 846 607 917 amplius
625 846 810 916 disputavimus,
832 861 962 917 eommque
977 851 1071 915 septem
1087 847 1160 901 etiam
1172 844 1204 901 0.
1215 847 1308 903 Iahnius

333 933 362 987 ad
373 931 482 985 editionis
492 946 550 984 suae
566 931 656 985 calcent
673 930 789 1005 subiecit;
809 931 850 1001 qui
862 930 901 985 uhi
919 931 981 984 inter
996 945 1023 983 se
1038 932 1209 997 consentiunt,
1228 932 1309 1003 utique

332 1016 465 1084 locupletes
481 1014 630 1068 existimandi
647 1021 716 1080 sunt,
734 1015 771 1068 sin
788 1014 931 1068 dissentiunt
961 1013 1053 1068 uullum
1073 1014 1133 1069 adeo
1151 1014 1309 1085 praeeeter‘s

333 1099 477 1153 eminentem
494 1097 610 1165 offerunt,
627 1104 655 1152 ut
664 1104 706 1152 aut
721 1098 819 1152 omniuo
841 1106 883 1153 aut
897 1099 922 1153 in
939 1096 1079 1169 gravissima
1096 1097 1144 1152 hae
1161 1098 1309 1169 quaestione,

333 1197 393 1254 quae
402 1183 432 1237 ad
444 1182 541 1236 exilium
557 1187 642 1252 poetae
654 1188 759 1251 spectat,
776 1182 840 1236 illius
849 1183 930 1252 potios
945 1182 1017 1236 iidem
1034 1197 1106 1252 qnam
1120 1189 1234 1237 nostrum
1250 1181 1310 1237 iudi·

333 1268 397 1321 cium
408 1265 621 1337 sequideheamus.
654 1264 705 1329 Qua
716 1267 740 1320 in
751 1267 889 1337 quaestione
898 1266 946 1319 hoc
956 1265 1052 1337 quidem
1068 1267 1132 1320 inter
1148 1280 1235 1321 omncs
1253 1280 1311 1321 con·

333 1357 393 1414 stat,
413 1350 549 1404 iuvenalem
566 1349 595 1404 ah
615 1349 771 1419 imperatore,
790 1350 859 1404 cuins
873 1350 935 1404 iram
948 1349 987 1404 uel
1003 1350 1166 1419 suspicionem
1176 1354 1311 1419 pineomm

332 1449 445 1488 uersuum
456 1433 527 1488 satira
536 1434 574 1487 uel
585 1434 758 1505 epigrammate
767 1434 895 1497 movisset,
913 1432 958 1487 suh
969 1434 1051 1502 speeie
1062 1432 1162 1489 honoris
1172 1438 1199 1487 et
1209 1432 1312 1489 obtentu

333 1518 456 1572 militiolae
466 1518 491 1571 in
503 1523 623 1572 extremos
632 1518 725 1589 imperii
736 1517 797 1572 fines
806 1517 943 1589 ablegatum
954 1531 1016 1585 esso,
1027 1531 1105 1589 neque
1115 1516 1147 1571 dc
1162 1531 1238 1573 eausa
1248 1516 1312 1573 thim

334 1602 383 1663 irae
395 1601 556 1654 commouersia
566 1606 615 1667 ost,
632 1602 689 1671 quin
699 1602 771 1656 iidem
781 1616 865 1656 versus
876 1601 978 1664 iruerint,
991 1617 1052 1673 quos
1066 1614 1131 1655 nnnc
1146 1598 1201 1655 Sat.
1212 1598 1266 1655 Vll.
1276 1602 1311 1659 90

337 1687 415 1741 -92
431 1684 534 1738 insertos
543 1683 651 1738 Paridem
665 1685 840 1754 pantomimum
858 1686 881 1739 in
898 1684 1027 1739 [domitiani
1045 1682 1099 1739 aula
1113 1684 1311 1755 potentissimum

336 1767 422 1823 acerbo
433 1781 529 1838 carpere
540 1767 661 1831 videmus,
677 1768 741 1822 unde
757 1769 830 1823 etiarn
841 1767 923 1823 Sidon.
936 1769 1013 1837 Apoll.
1024 1767 1067 1823 lll.
1078 1769 1130 1825 266
1145 1768 1206 1823 irati
1215 1766 1311 1823 merrh-

333 1852 373 1907 m's
383 1851 474 1906 melan
487 1850 626 1921 appellanda
642 1858 666 1905 at
683 1852 747 1906 etde
758 1851 812 1907 loco
824 1853 888 1907 exilii
904 1857 929 1906 et
940 1851 970 1909 de
980 1853 1123 1922 imperatore
1132 1851 1180 1921 ipsi
1188 1864 1311 1923 gramma·

333 1936 375 1990 tici
386 1935 445 1990 adeo
456 1935 518 1989 iuter
527 1949 554 1989 se
564 1934 706 2005 discrepant,
717 1942 745 1990 ut
756 1936 801 1990 nisi
812 1936 910 1991 internis
920 1936 1068 2007 argumentis
1078 1934 1191 1991 adhibitis
1200 1935 1310 1991 stabilem

334 2020 368 2075 rei
378 2020 508 2090 imaginem
519 2019 645 2089 concipere
657 2036 705 2074 non
722 2019 800 2075 liceat.
832 2020 944 2085 Quamuis
954 2020 1018 2074 euim
1032 2033 1133 2075 numero
1143 2018 1245 2091 plurimi
1254 2032 1310 2091 poe·

333 2110 384 2158 tam
394 2103 419 2157 iu
429 2106 566 2175 Aegyptum
577 2104 677 2158 missum
689 2105 854 2167 essetradaut,
865 2110 986 2159 tamenne
999 2102 1131 2175 hipnidem
1140 2104 1206 2159 inter
1215 2119 1245 2159 se
1254 2116 1310 2159 eon·

333 2189 452 2249 sentiunt,
472 2188 516 2259 sed
532 2202 606 2258 quum
617 2188 656 2242 alii
672 2194 803 2243 extremam
813 2188 917 2259 Aegypti
929 2195 1022 2256 partem
1037 2192 1080 2241 aut
1089 2187 1213 2243 ciuitatem
1223 2186 1311 2243 lloasiu

335 2269 430 2337 (Schol.
441 2270 462 2323 l.
477 2274 505 2340 l)
518 2271 556 2325 uel
573 2271 651 2325 lloasa
663 2272 757 2338 (Schol.
769 2272 809 2326 IV.
822 2274 869 2340 33)
888 2272 1024 2338 nominent,
1043 2269 1130 2325 Snidas
1152 2284 1211 2325 cum
1228 2268 1311 2327 udalr

334 2354 517 2426 chronographo
527 2355 557 2409 de
565 2354 814 2427 Domitiauoloqueus,
824 2347 904 2420 ὅστις,
916 2348 1132 2426 ἰηφιίῐ,βασιλεύς
1139 2348 1253 2422 ἐξώρισε
1262 2370 1310 2409 τοο

332 2431 511 2507 Ἰουβενάλιον
522 2431 552 2492 ἐν
564 2433 734 2492 Haerentem
745 2433 791 2494 iat
800 2433 852 2508 τὴν
861 2433 982 2510 dedeina:
994 2445 1043 2493 tres
1053 2436 1250 2509 deniqueSooaiea‘
1258 2436 1311 2495 ΜΕ

331 2522 520 2592 praeparatorem
529 2522 567 2576 val
582 2523 754 2592 praefecturam
766 2524 869 2578 militum
879 2538 934 2578 oum
951 2522 1071 2592 accepisse
1080 2529 1191 2585 nmmum
1208 2522 1311 2593 impert·

334 2613 412 2658 torem
428 2610 508 2658 autem
519 2604 579 2660 alius
590 2604 715 2661 Claudium
735 2607 867 2683 Neronem,
886 2607 945 2661 alius
955 2607 1094 2673 Timauum,
1107 2606 1206 2677 plurimi
1217 2612 1311 2663 motum

338 2687 501 2742 Domitianum
511 2696 659 2753 memoraut3
669 2705 748 2762 neque
758 2692 817 2746 adeo
827 2698 923 2761 tempus
934 2690 998 2745 exilii
1013 2690 1099 2746 iisdem
1107 2690 1198 2745 liuihus
1208 2692 1312 2747 dream·

334 2771 535 2843 scribunt,·quod
551 2789 625 2844 quum
644 2790 706 2829 uuus
717 2775 746 2830 ab
757 2783 864 2830 extrema
873 2775 1003 2830 Domitiani
1020 2774 1310 2845 aetateusqneadhnte-

334 2857 417 2911 uiuum
422 2854 621 2926 Piumextendat,
633 2858 672 2912 alii
684 2860 777 2914 exulem
789 2861 850 2915 intra
860 2859 1026 2914 brevissimum
1034 2864 1131 2927 tempus
1140 2858 1210 2913 senio
1221 2873 1252 2915 ae
1261 2865 1311 2913 tae-

334 2940 374 2995 dio
384 2941 447 2994 vitae
455 2942 588 3013 mentisque
599 2943 748 3014 aegritudine
759 2943 912 3015 absumptum
921 2942 1068 3013 perhibeant,
1081 2948 1120 2997 est
1129 2942 1202 2997 etism
1214 2940 1311 3015 quilia-

334 3038 399 3077 mam
408 3039 545 3089 reversum,
564 3043 634 3098 qaam
651 3025 784 3082 Martialem
799 3045 868 3082 mam
883 3044 932 3081 aaa
947 3027 1049 3091 videet,
1067 3042 1132 3081 anno
1149 3027 1239 3082 matis
1252 3040 1311 3081 m

334 3108 408 3170 altera
418 3111 604 3180 atactnapma‘mo
614 3110 739 3166 tristitiaet
750 3128 840 3183 capara
851 3112 1048 3184 periieseuarrat.
1067 3108 1099 3163 Et
1108 3109 1231 3165 deaetatis
1240 3124 1310 3177 anne,

334 3206 405 3263 quem
421 3199 493 3262 poeta
508 3195 627 3265 attigerit,
640 3195 724 3265 reliqui
735 3210 830 3267 quoque
840 3197 873 3251 ita
883 3202 908 3249 et
916 3197 978 3249 iuter
987 3210 1014 3249 se
1024 3202 1049 3248 ot
1059 3209 1113 3249 cum
1123 3193 1253 3266 Borghesii
1263 3192 1311 3249 ml-

335 3275 395 3330 culis
405 3283 555 3348 congmunt,
572 3285 599 3332 nt
614 3280 738 3350 octogiuta
756 3280 858 3350 amplius
875 3294 950 3334 anuos
969 3286 1052 3333 natum
1068 3278 1205 3333 luvmalem
1222 3277 1311 3335 otiisc

334 3374 377 3428 pro
389 3360 512 3430 explorato
524 3376 613 3431 ponere
623 3363 707 3424 liceat;
725 3362 749 3417 id
766 3364 844 3433 ipsum
861 3368 942 3418 tamen
958 3362 980 3417 si
998 3363 1179 3432 amplectimur,
1197 3360 1317 3425 sanemi·

334 3457 388 3496 rnm
400 3450 437 3498 est
452 3459 535 3498 senem
549 3447 745 3517 octogenarium,
766 3447 807 3518 qui
824 3447 917 3501 nullum
936 3455 1005 3502 autea
1016 3447 1115 3501 militiae
1126 3447 1251 3515 specimen
1261 3444 1311 3501 edi·

334 3525 420 3590 disset,
440 3527 533 3583 cohorti
549 3530 573 3584 in
590 3531 702 3584 extremis
717 3531 810 3600 imperii
826 3530 912 3584 finibus
929 3531 1037 3585 tendenti
1053 3531 1106 3585 sino
1122 3529 1211 3585 horum
1227 3530 1310 3587 linium

334 3609 440 3676 periculo
451 3610 546 3679 practici
556 3615 678 3682 potuisse:
696 3628 741 3668 nec
751 3615 831 3669 minus
847 3614 906 3668 illud
917 3615 1042 3679 miramur,
1054 3613 1119 3685 quod
1135 3614 1183 3669 etsi
1195 3612 1248 3672 Sat.
1259 3612 1308 3669 xl.

333 3691 378 3745 suh
389 3691 505 3748 lladriauo
516 3697 628 3766 scriptam
640 3698 785 3752 esseluncns
795 3696 879 3751 consul
893 3699 988 3762 evincit,
1000 3699 1144 3753 lladrinuum
1151 3698 1217 3753 exilii
1228 3702 1310 3755 ande-

333 3788 385 3830 rem
396 3791 466 3830 nemo
477 3779 546 3833 testis
553 3781 664 3851 prodidit,
676 3781 764 3836 sedvel
775 3780 1021 3852 quiuersiculosolim
1031 3789 1116 3839 eontra
1122 3782 1233 3841 Paridem
1244 3796 1310 3839 com·
