3267 4409
324 448 387 515 134
510 494 513 501 »
641 447 686 509 Μ.
703 443 795 510 VAL.
810 444 1039 513 nunninus

405 602 538 666 Munera
553 620 621 661 cum
634 606 742 681 posset
757 597 893 659 nondum
909 600 1028 660 sentice
1042 602 1183 682 patrant,

449 687 575 749 Glaucia
587 684 720 746 libertus
737 685 797 744 iam
811 683 955 745 Melioris
970 689 1048 748 erat.

381 773 547 835 chloribus
560 772 620 831 hoc
633 769 813 848 formaeque
828 767 949 828 datum:
971 770 1042 848 quis
1055 767 1234 833 blandiorill

447 858 510 918 Aut
525 857 594 935 quis
607 851 777 934 Apollineo
790 850 954 933 pulchrior
968 871 1024 915 ore
1039 853 1125 915 faite

403 940 581 1009 Immodicis,
591 939 694 999 brevis
708 944 757 998 est
771 942 856 997 aetas
870 943 903 997 et
919 956 990 997 rara
1002 944 1159 1003 senectus.
1191 1002 1198 1009 ,

448 1023 604 1104 Quidquid
619 1041 717 1100 amas,
738 1021 844 1101 cupias
862 1040 925 1081 non
937 1018 1094 1102 placuisse
1110 1024 1206 1085 nimis.

791 1157 890 1219 XXX.

405 1273 466 1331 Sex
482 1268 626 1330 sestertia
640 1267 666 1329 si
681 1268 785 1328 statim
797 1267 956 1348 dedisses,

403 1355 481 1416 Dum
495 1353 572 1413 dixti
585 1352 661 1412 mihi
677 1351 809 1431 „Sume,
831 1352 927 1432 tolle,
949 1352 1071 1435 dono,“

402 1439 559 1499 Deberem
575 1437 650 1514 tibi,
670 1437 784 1515 Paete,
805 1456 864 1517 pro
881 1437 1034 1501 ducentis.

403 1523 445 1582 At
460 1541 540 1581 nunc
556 1541 624 1580 cum
638 1519 763 1581 dederis
779 1520 832 1581 diu
845 1527 1001 1599 moratus,

381 1606 480 1667 5Post
494 1611 631 1686 septem,
651 1611 744 1686 puto,
764 1604 816 1665 vel
830 1625 940 1666 novem
953 1604 1124 1685 Kalendae,

402 1690 459 1753 Vis
474 1689 573 1749 dicam
585 1690 643 1749 tibi
658 1690 779 1749 veriora
791 1690 899 1750 veris?
1194 1692 1197 1697 '

404 1773 465 1834 Sex
479 1775 638 1852 sestertia,
658 1774 772 1853 Paete,
792 1772 968 1855 perdidisti.

782 1908 892 1973 XXXI.

402 2019 555 2098 Uxorem,
577 2019 780 2099 Oharideme,
801 2026 885 2081 tuam
903 2022 964 2081 scis
977 2022 1046 2100 Ipse
1060 2021 1194 2100 siuisque

444 2105 471 2165 A
483 2104 603 2166 medico
617 2105 713 2166 intui:
734 2106 779 2165 vis
794 2107 862 2166 siue
875 2106 966 2167 febre
980 2106 1068 2167 mori.

774 2239 898 2304 XXXII.

401 2352 479 2412 Cum
495 2351 651 2414 dubitaret
666 2352 765 2415 adhuc
779 2351 859 2415 belli
870 2352 971 2414 civilis
982 2355 1072 2434 Enyo

442 2433 588 2496 Forsitan
602 2444 635 2496 et
648 2444 755 2518 posset
768 2440 894 2499 vincere
909 2437 1010 2500 mollis
1026 2441 1127 2517 Otho,

402 2519 563 2582 Damnavit
575 2521 671 2582 multo
687 2529 837 2583 staturum
851 2524 998 2602 sanguiue
1012 2524 1148 2584 Martem

442 2604 485 2664 nt
497 2603 578 2665 fodit
593 2612 679 2666 certa
691 2614 821 2687 pectora
834 2613 900 2668 tota
914 2627 1013 2668 manu.

382 2687 453 2748 {rsit
470 2688 562 2769 Oato,
584 2689 655 2751 dum
670 2693 759 2768 vivit,
780 2710 855 2751 sane
868 2690 919 2753 vel
938 2692 1072 2752 Caesare
1087 2691 1198 2751 maior:

443 2772 522 2833 Dum
536 2776 682 2854 moritur,
701 2775 851 2857 numquid
865 2778 962 2837 maior
979 2776 1103 2837 Othone
1117 2776 1203 2837 ruite·

768 2924 905 2987 XXXIII.

399 3033 451 3097 Nil
467 3035 688 3117 miserabilius,
710 3038 837 3120 Matho,
857 3037 1028 3120 paedicone
1043 3036 1171 3099 Sabello

442 3120 572 3200 Vidisti,
595 3142 654 3202 quo
669 3121 715 3182 nil
728 3120 841 3184 laetius
856 3130 927 3184 ante
942 3123 1011 3185 fuit.

399 3205 512 3282 Furta,
532 3207 641 3285 fugae,
662 3213 778 3268 mortes
793 3227 970 3285 servorum,
990 3205 1152 3285 incendia,
1172 3204 1234 3267 luci

441 3291 593 3370 Affligunt
604 3292 775 3371 hominem,
795 3293 856 3351 iam
869 3294 965 3353 mIser
980 3298 1013 3353 et
1026 3291 1131 3354 futuit.

769 3426 906 3490 XXXIV.

398 3535 488 3595 Basia
502 3535 540 3595 da
554 3540 659 3617 nobis,
680 3538 887 3618 Diadumene,
907 3558 1024 3620 pressa.
1055 3538 1183 3619 „Quot“
1195 3539 1234 3600 inc

441 3620 555 3680 Oceani
569 3623 681 3683 fluctus
696 3642 745 3683 me
759 3643 922 3684 numerare
936 3624 1025 3684 iubes

399 3703 440 3762 nt
454 3704 546 3764 maris
561 3707 678 3786 Aegaei
693 3727 813 3789 sparsas
827 3698 886 3789 per
899 3707 993 3770 litora
1008 3708 1143 3770 conchas
