3267 4409
312 524 367 611 ‘20
646 549 1042 613 uvaunaumnms

812 751 878 814 XL.

409 864 470 940 Qui
484 863 570 924 ducis
583 837 685 924 ¹voltus
701 869 735 924 et
752 883 813 924 non
827 863 907 943 legis
922 866 981 925 ista
997 863 1150 945 libenter,

451 948 598 1009 Omnibus
611 946 765 1028 invideas,
786 946 900 1027 livide,
921 967 1012 1009 nemo
1026 951 1093 1010 tibi.

805 1082 882 1145 XLI.
944 1084 950 1098 ‘

400 1193 550 1254 urbanus
564 1197 639 1273 tini,
661 1196 795 1276 caecili,
815 1176 940 1259 viden.

335 1329 337 1333 .
407 1278 475 1338 Nan
491 1298 541 1356 es,
562 1279 656 1340 crede
671 1283 755 1343 mibi.
787 1281 869 1358 Quid
886 1282 982 1359 ergu‘.l
1003 1299 1112 1362 verna,

407 1363 476 1422 Hoc
492 1363 574 1442 quud
589 1365 828 1425 transtiberinus
844 1365 1034 1444 ambulator,

408 1447 468 1522 Qui
481 1446 631 1526 pallentia
645 1446 826 1529 sulphurata
839 1450 948 1510 fractis

388 1531 569 1591 5Permutat
581 1533 707 1610 vitreis,
728 1533 812 1612 quod
826 1535 943 1594 otiosae

408 1615 525 1676 Vendit
541 1618 591 1694 qui
606 1616 759 1677 madidum
775 1619 859 1678 cicer
874 1635 1022 1694 coronae,

409 1698 498 1772 Quod
512 1707 613 1760 custus
628 1700 831 1780 dominusque
844 1702 1036 1782 viperarum,

408 1781 497 1857 Quod
511 1781 589 1843 viles
602 1786 693 1863 pueri
708 1784 904 1863 salariorum,

408 1865 497 1940 Quod
511 1867 657 1926 fumantia
673 1870 725 1944 qui
739 1867 870 1928 tomacla
885 1888 995 1929 raucus

289 2010 297 2017 ,
366 1960 400 2010 10
408 1949 596 2011 Circumfert
611 1951 725 2033 tepidis
740 1972 831 2012 cocus
845 1953 986 2038 popinis,

409 2033 499 2109 Quod
514 2053 576 2094 nou
591 2037 723 2114 optimus
738 2037 863 2096 urbicus
877 2043 986 2117 poeta,

409 2118 499 2194 Quod
512 2117 551 2179 de
567 2119 703 2180 Gadibus
717 2122 875 2199 improbus
890 2121 1047 2199 magister,

408 2203 497 2279 Quod
514 2206 609 2264 bucca
623 2210 671 2264 est
688 2205 783 2266 vetuli
798 2204 885 2265 dicax
899 2203 1029 2265 cinaedi.

408 2287 510 2362 Quare
527 2288 634 2348 desine
648 2291 708 2348 iam
722 2290 779 2348 tibi
794 2289 894 2349 videri

365 2370 495 2445 leuad
510 2370 568 2431 soli
584 2373 656 2449 tibi,
677 2373 810 2450 Caecili,
831 2372 964 2450 videris,

412 2457 470 2530 Qui
486 2456 622 2515 Gabbam
638 2455 751 2515 salibus
767 2458 828 2516 tuis
844 2463 876 2516 et
890 2459 990 2537 ipsum
1027 2489 1029 2498 ·
1065 2494 1073 2501 ,

409 2539 522 2612 Posses
536 2541 661 2598 vincere
678 2540 817 2599 Tettium
833 2539 999 2602 caballum.
1067 2565 1070 2570 ·
1155 2594 1160 2602 ,

407 2624 476 2683 Non
494 2625 664 2701 cuicunque
679 2623 782 2683 datum
797 2626 975 2685 esthabere
989 2643 1110 2686 nasumt

407 2706 500 2767 Ludit
515 2709 566 2785 qui
582 2707 694 2767 stulida
707 2710 913 2787 procacitate,

365 2791 473 2853 20N0n
489 2799 538 2851 est
552 2780 763 2871 Tettiusille,
785 2794 841 2853 sed
857 2790 1001 2854 caballus.

725 2937 727 2944 ·
774 2924 891 3003 ‘xmn

408 3052 555 3132 Coniugis
571 3052 707 3114 audisset
721 3054 818 3114 fatum
833 3073 901 3114 cum
914 3053 1025 3113 Porcia
1037 3053 1126 3113 Bruti

448 3139 489 3198 Et
505 3130 660 3198 subtracta
675 3139 734 3197 sibi
749 3144 917 3218 quaereret
934 3157 1018 3196 arma
1032 3136 1137 3214 dulor,

407 3222 570 3299 „Nondum
586 3223 694 3281 scitis“
708 3223 750 3281 ait
763 3228 918 3301 „mortem
932 3241 995 3280 non
1008 3240 1100 3301 posse
1115 3222 1245 3300 negari?

449 3306 665 3385 credideram,
685 3307 757 3366 fatis
771 3308 831 3366 hoc
846 3305 989 3365 docuisse
1002 3306 1154 3385 patrem.“

386 3389 493 3449 bDixit
508 3397 541 3450 et
555 3390 701 3451 ardentes
716 3389 804 3450 avido
819 3390 899 3450 bibit
914 3406 968 3448 ure
982 3387 1120 3449 favillas:

448 3473 555 3533 lnunc
570 3482 603 3535 et
618 3473 751 3552 ferrum,
772 3474 864 3533 turba
881 3471 1029 3550 molesta,
1048 3488 1135 3555 nega.

792 3606 895 3669 XLllI.

406 3716 459 3775 Bis
473 3716 530 3776 tibi
545 3719 657 3779 triceni
670 3720 799 3797 fuimus,
821 3720 983 3799 Manciae,
1004 3722 1105 3781 vocati

449 3801 490 3862 ut
502 3804 635 3882 positum
650 3812 698 3865 est
712 3806 803 3865 nabis
816 3803 862 3865 nil
876 3805 952 3866 here
967 3813 1093 3886 praeter
1108 3806 1231 3887 aprum,
