3267 4409
327 477 391 542 286
652 473 803 539 MVAL.
821 473 1047 536 MARTIALIS

413 628 447 690 Si
461 633 494 689 te
509 624 667 688 delectant
681 628 815 688 animosa
828 623 984 707 pericula,
1006 625 1117 688 Tuscis

371 724 405 776 10
453 744 496 757 -
512 710 625 772 Tutior'
639 717 687 771 est
700 713 797 772 virtus
810 743 855 756 -
870 708 1052 771 insidiemur
1067 712 1160 792 apris.

413 795 494 875 Quid
510 802 543 856 te
557 797 647 856 frena
660 797 763 856 iurant
778 795 965 855 temeraria?
986 796 1107 876 saepius
1121 793 1204 873 illis,

453 880 579 959 Prisce,
600 879 705 942 datum
719 885 769 940 est
783 880 920 958 equitem
933 896 1094 961 rumpere,
1113 899 1203 959 quam
1215 878 1353 962 leporem

811 1011 879 1075 XV.

410 1123 567 1205 Quidquid
580 1124 744 1185 Parrhasia
756 1125 877 1183 nitebat
891 1122 975 1204 aula,

409 1210 561 1269 Donatum
575 1214 624 1269 est
638 1207 736 1268 oculis
750 1207 879 1287 deisque
892 1209 1017 1290 nostris,

409 1294 544 1354 Miratur
560 1293 719 1372 Scythicas
734 1293 864 1352 virentis
879 1294 946 1353 anri

408 1376 561 1437 Flammas
575 1378 728 1456 luppiter,
751 1382 784 1437 et
798 1375 1043 1458 stupetsuperbi

385 1462 501 1539 5Regis
518 1459 645 1521 delicias
660 1479 829 1540 gravesque
843 1459 941 1520 luxus.

408 1546 495 1604 Haec
509 1551 581 1604 sunt
593 1542 721 1626 pocula,
740 1563 817 1623 quae
836 1543 949 1604 decent
964 1544 1154 1622 Tonantem3

408 1630 495 1689 Haec
509 1634 596 1707 sunt,
618 1647 695 1706 quae
711 1629 880 1708 Phrygium
895 1627 1009 1689 decent
1022 1629 1205 1693 ministrum.

409 1712 524 1773 Omnes
539 1732 607 1772 cum
619 1713 689 1772 love
705 1731 785 1772 nunc
798 1732 900 1772 sumus
914 1714 1007 1775 beati.

410 1797 453 1856 At
466 1815 566 1877 nuper
579 1831 623 1842 -
639 1794 752 1876 pudet,
775 1797 813 1856 ah
826 1796 925 1877 pudet
938 1797 1032 1859 fateri
1045 1830 1089 1843 —

367 1880 524 1942 100mnes
539 1900 607 1943 cum
619 1881 689 1941 love
704 1899 859 1962 pauperes
874 1900 1004 1945 eramus.

805 2015 886 2079 XVI.

408 2126 550 2208 Addixti,
570 2128 723 2208 Labiene,
745 2133 810 2189 tres
826 2125 957 2206 agellos3

406 2212 534 2292 Emisti,
556 2213 708 2290 Labiene,
729 2219 795 2273 tres
811 2210 972 2273 cinaedos:

407 2296 572 2376 Paedicas,
593 2297 747 2376 Labiene,
767 2302 834 2357 tres
849 2293 977 2376 agellos.

795 2430 891 2495 XVII.

407 2543 510 2620 Quare
524 2548 584 2603 tam
599 2541 703 2605 multis
718 2564 735 2604 a
749 2549 798 2622 te,
820 2543 969 2623 Laetine,
992 2540 1101 2604 diebus

448 2627 517 2686 Non
532 2629 621 2687 abeat
635 2627 748 2705 febris,
772 2630 894 2707 quaeris
909 2635 942 2689 et
956 2647 1054 2706 osque
1069 2629 1174 2707 gemla.

407 2711 554 2771 Gestatur
566 2716 667 2770 tecum
681 2713 799 2792 pariter
813 2713 994 2793 pariterque
1008 2711 1142 2793 lavatur,

448 2795 547 2856 Cenat
560 2793 700 2875 boletos,
722 2803 843 2875 ostrea,
865 2815 989 2873 rumen,
1008 2815 1124 2876 aprum.

383 2879 501 2940 bllbria
515 2879 622 2940 Setino
636 2881 673 2940 tit
687 2899 780 2960 saepe
795 2887 829 2941 et
842 2899 934 2962 saepe
948 2878 1101 2960 Falerno,

446 2964 512 3024 Nec
526 2965 586 3023 nisi
600 2982 658 3044 per
673 2966 791 3025 niueam
806 2965 947 3027 Caecuba
960 2971 1048 3043 potat
1062 2985 1180 3045 aquam.

405 3047 598 3110 Circumfusa
611 3049 691 3109 rosis
706 3055 739 3108 et
752 3051 841 3128 nigra
854 3050 1007 3109 recumbit
1021 3069 1156 3128 amomo,

445 3133 567 3192 Dormit
580 3138 613 3191 et
626 3133 659 3191 in
673 3131 775 3212 pluma
788 3151 1007 3214 purpureoque
1022 3138 1101 3195 toro.
1233 3186 1236 3191 .

406 3218 482 3277 Gom
497 3219 627 3277 recubet
640 3217 787 3297 pulchre,
807 3238 875 3277 cum
890 3223 952 3277 tam
966 3220 1047 3279 bene
1062 3219 1144 3280 vivat
1158 3216 1239 3301 apud
1257 3222 1302 3294 te,

362 3311 397 3362 10
444 3298 494 3360 Ad
507 3303 631 3362 Damam
645 3303 748 3382 potius
761 3303 806 3361 vis
822 3309 874 3373 tua
888 3302 986 3363 febris
1002 3301 1075 3362 eat?

781 3433 890 3499 xvffl.

403 3551 482 3612 Dum
498 3558 532 3612 tu
546 3554 677 3615 forsitan
691 3556 848 3634 inquietus
863 3575 950 3617 erras

404 3635 559 3715 Clamosa,
581 3638 750 3717 luvenalis,
771 3641 804 3699 in
819 3641 954 3720 Subura,

403 3718 465 3779 Aut
479 3719 589 3784 collem
604 3722 744 3785 dominae
757 3726 834 3786 teris
848 3726 982 3801 Dianae3
