3267 4409
528 452 868 516 nrmnnnumuon
881 453 954 514 ιιιι.
970 455 1017 514 ιι.
1168 533 1173 541 Ι
1254 453 1293 517 ιι

305 653 311 662 .
340 606 418 685 Quid
432 607 479 667 vis
492 625 561 683 me,
583 625 678 685 rogo,
701 606 845 682 Phoebe,
868 607 1040 686 suspicari?
1060 602 1064 611 “

339 691 467 753 Mollem
483 690 616 750 credere
629 698 661 750 te
675 692 774 750 virum
787 688 944 768 volebam,

323 776 401 838 ised
414 795 522 836 rumor
537 781 631 855 negat
645 793 714 834 esse
728 782 760 834 te
777 772 947 836 cinaedum.

708 909 843 971 LXXIV.

339 1007 493 1069 Psilothro
507 1008 618 1068 faciem
632 1006 765 1068 levaset
780 1007 914 1088 dropace
929 1008 1052 1069 calvam

376 1092 534 1172 Numquid
548 1099 724 1170 tonsorem,
746 1091 941 1171 Gargiliaue,
963 1093 1076 1153 times‘.l

342 1177 422 1254 Quid
431 1179 552 1237 facient
564 1177 704 1255 ungues?
723 1197 793 1244 nam
808 1184 895 1236 certe
911 1198 972 1236 non
989 1184 1079 1258 potes
1093 1175 1166 1238 illos

377 1262 509 1339 Resina,
530 1261 652 1322 Veneto
668 1279 726 1320 nec
744 1279 888 1320 resecare
905 1259 981 1320 luto.

325 1345 468 1424 tllesine,
492 1365 519 1404 s1
509 1343 634 1424 pudor
648 1351 713 1422 est,
730 1346 873 1404 miseram
888 1344 1052 1406 traducere
1067 1345 1195 1406 calvam.

375 1430 444 1490 Hoc
460 1430 534 1489 fieri
549 1449 665 1508 cunno,
687 1427 882 1508 Gargiliaue,
905 1427 994 1491 solet.

714 1562 836 1626 LXXV.

343 1661 442 1742 Stare,
464 1662 623 1742 Luperce,
644 1664 702 1723 tibi
717 1661 913 1742 iampridem
927 1664 1062 1725 mentula
1079 1664 1175 1744 desit,

377 1747 520 1807 Luctaris
536 1747 662 1807 demens
677 1754 712 1807 tu
724 1753 827 1806 tamen
843 1749 991 1826 arrigere.
1045 1801 1051 1807 .

313 1840 315 1847 '
343 1829 398 1890 Sed
412 1830 492 1891 nihil
511 1851 623 1891 erucae
638 1832 757 1891 faciunt
772 1830 918 1910 bulbique
933 1831 1065 1913 salaces,

382 1916 525 1995 lmproba
539 1933 598 1974 nec
613 1920 744 1995 prosunt
759 1916 818 1974 iam
834 1919 969 1991 satureia
983 1918 1050 1978 tibi

314 1998 480 2080 'tBoepisti
493 2019 590 2079 puras
602 2001 711 2079 opibus
725 2019 925 2079 corrumpere
940 2002 1066 2060 buccas.

377 2084 427 2144 Sic
444 2103 567 2163 quoque
581 2103 643 2143 nou
657 2085 731 2144 vivit
750 2083 915 2144 sollicitata
929 2085 1044 2145 Venus.

344 2166 445 2227 llirari
460 2169 535 2228 satis
548 2169 608 2227 hoe
625 2169 783 2247 quisquam
797 2167 848 2229 vel
864 2167 995 2228 credere
1012 2170 1127 2248 possit

378 2251 466 2330 Quod
479 2271 544 2312 uon
558 2256 635 2330 stat,
657 2272 724 2331 mag
725 2273 765 2312 uo
780 2260 863 2313 stare
871 2254 1060 2334 ,Luperce,
1080 2253 1161 2313 tibi.

713 2386 848 2450 LXXVI.

345 2485 457 2564 Arrigis
473 2482 511 2544 ad
526 2482 660 2563 vetulas,
679 2483 816 2562 fastidis,
838 2485 949 2563 Basse,
970 2485 1104 2564 puellas,

378 2569 442 2629 Nec
455 2569 592 2628 formosa
606 2569 680 2648 tibi,
702 2568 759 2629 sed
774 2570 924 2631 moritura
938 2569 1049 2649 placet.

344 2651 405 2730 llic,
420 2671 508 2731 rogo,
521 2672 583 2712 uon
595 2653 684 2712 furor
696 2659 754 2730 est,
767 2673 830 2713 uon
842 2653 919 2713 haec
933 2660 981 2713 est
993 2651 1129 2714 mentula
1142 2652 1291 2717 demens?

379 2738 454 2798 Cum
467 2737 568 2819 possis
583 2737 750 2816 Hecuben,
773 2757 835 2796 non
846 2743 936 2819 potes
951 2737 1201 2799 Andromachen!

697 2851 847 2914 LXXVII.

344 2947 399 3008 Nec
413 2947 545 3027 mullus,
567 2967 626 3010 uec
640 2955 674 3009 te
690 2948 843 3027 delectat,
864 2949 1007 3028 Baetice,
1027 2949 1153 3028 turdus,

378 3034 441 3093 Nec
457 3032 547 3113 lepus
562 3039 611 3093 est
624 3054 774 3113 uuquam,
795 3052 855 3093 uec
869 3035 927 3093 tibi
940 3041 1045 3112 gratus
1059 3053 1150 3115 aper3
1241 3036 1245 3043 ’

344 3116 447 3178 Necte
462 3118 526 3178 liba
540 3119 662 3196 iuvant,
683 3137 743 3178 uec
758 3123 862 3178 sectae
879 3118 995 3196 quadra
1008 3118 1186 3198 placentae,

378 3203 441 3263 Nec
455 3203 555 3281 Libye
570 3205 691 3281 mittit,
704 3222 764 3263 nec
778 3204 837 3262 tibi
850 3203 959 3262 Phasis
976 3221 1060 3263 aves:

330 3285 493 3367 tcapparin
508 3294 542 3346 ct
556 3288 640 3366 putri
656 3306 746 3366 cepas
760 3285 883 3346 hallece
898 3293 1039 3347 natantes

378 3372 417 3432 Bt
429 3369 554 3452 pulpam
569 3370 661 3431 dubio
678 3371 717 3432 de
730 3380 880 3452 petasone
895 3390 999 3448 voras,

345 3453 445 3536 Teque
457 3459 566 3517 iuvant
580 3474 689 3534 gerres
704 3462 737 3516 et
751 3454 837 3534 pelle
854 3453 1035 3536 melandrya
1049 3474 1140 3533 cana,

350 3568 355 3586 =
379 3541 524 3602 Resinata
538 3541 619 3600 bibis
632 3541 720 3618 vina,
741 3539 876 3601 Falerna
889 3541 980 3619 fugis.

345 3623 447 3687 Nescio
465 3624 713 3705 quod'stomachi
726 3627 833 3686 vitium
849 3625 1001 3685 secretius
1014 3641 1084 3684 esse
1139 3652 1144 3661 ·

318 3711 339 3763 1⁰
369 3711 539 3794 ‘Suspicorr
561 3716 596 3770 ut
614 3711 689 3790 quid
702 3711 800 3791 enim,
823 3711 965 3787 Baetice,
986 3707 1209 3792 saprophagis‘t
