3267 4409
548 396 888 520 EPIGRAMMATON
901 459 977 525 LIB.
991 459 1056 524 XII.
1109 492 1115 530 ;

366 610 444 674 Nam
461 609 603 689 quotiens
619 612 734 689 surgis,
756 611 873 671 soteria
886 610 988 691 poscis
1006 588 1127 674 amicos.

408 696 457 756 sit
470 692 587 791 pudor:
609 702 734 773 aegrota
748 697 824 773 iam,
844 694 1063 776 Polycharmo,
1085 695 1191 763 semel.

366 892 430 952 Cur
444 908 537 968 saepe
552 889 626 949 sicci
639 909 732 969 parva
746 910 820 950 rura
831 889 975 952 Nomenti

364 975 538 1052 Laremque
551 970 644 1032 villae
660 972 817 1034 sordidum
834 982 953 1054 potam,
976 975 1122 1055 quaeris?

365 1058 431 1118 Ncc
444 1054 614 1136 cogitandi,
637 1056 766 1137 Sparso,
787 1077 846 1118 uec
861 1058 1041 1137 quiescendi

364 1142 398 1202 ln
413 1143 491 1201 urbe
504 1141 590 1201 locus
605 1146 653 1199 est
666 1144 803 1221 pauperi
834 1143 956 1222 Negant
969 1144 1061 1205 vitam

343 1225 586 1303 5Ludimagistri
600 1243 705 1301 manc,
725 1230 818 1285 nocte
832 1227 985 1307 pistores,

365 1311 564 1370 Aerariorum
579 1307 706 1367 marculi
721 1308 771 1369 dic
786 1314 863 1371 toto.

365 1395 446 1454 Hinc
462 1394 577 1453 otiosus
593 1390 747 1452 sordidam
764 1388 868 1472 quatit
878 1411 1013 1454 mensam

365 1478 541 1537 Neroniana
554 1474 773 1536 nummularius
788 1496 904 1551 massa3

364 1560 453 1621 illinc
467 1558 583 1620 balucis
597 1558 759 1621 malleator
772 1561 928 1640 Hispanae

323 1655 358 1707 10
365 1646 488 1705 Tritum
502 1644 615 1703 nitenti
629 1643 712 1703 fuste
727 1646 873 1704 verberat
886 1664 999 1708 saxum.
1097 1676 1108 1684 —

365 1728 431 1790 Nec
445 1729 536 1788 turba
553 1734 653 1786 cessat
668 1729 814 1788 entheata
828 1724 992 1809 Bellonae,

365 1813 431 1873 Nec
445 1811 575 1871 fasciato
590 1812 755 1890 naufragus
769 1810 883 1891 loquax
897 1820 1025 1895 trunco,

365 1898 393 1957 A
410 1902 508 1955 matre
525 1893 633 1954 doctus
651 1914 709 1955 nec
723 1915 834 1974 rogare
851 1895 996 1972 Iudaeus,

365 1981 430 2040 Nec
445 1977 644 2059 sulphuratae
658 1978 760 2058 lippus
775 1980 901 2038 institor
916 1979 1039 2044 mercis.

324 2074 357 2126 15
365 2065 534 2126 Numerare
548 2062 630 2141 pigri
646 2061 754 2121 damna
769 2064 821 2141 qui
835 2067 940 2141 potest
956 2064 1071 2142 somni,

364 2149 456 2208 Dicet
470 2153 545 2225 quot
557 2164 629 2204 acra
642 2147 810 2206 verberent
823 2164 928 2204 manus
943 2147 1045 2224 urbis,

366 2233 444 2293 (inm
457 2236 541 2290 secta
555 2226 673 2290 Colcho
688 2229 774 2289 Luna
787 2227 911 2308 vapulat
923 2229 1062 2292 rhombo.

367 2316 435 2393 Tu,
458 2314 572 2394 Sparse
606 2314 709 2373 nescis
725 2315 800 2392 ista,
820 2331 878 2372 nec
893 2317 983 2391 potes
997 2314 1097 2393 scire,

364 2398 525 2459 Petilianis
539 2395 578 2456 de
594 2399 689 2456 icatus
702 2398 735 2457 in
749 2398 870 2475 regnis,
909 2424 912 2430 ¹
940 2394 963 2421 ·’

322 2484 422 2547 cocu
436 2480 528 2562 plana
546 2500 678 2540 summos
693 2480 827 2561 despicit
841 2479 948 2540 domus
962 2485 1098 2560 montes,
1151 2552 1161 2564 .

365 2569 407 2628 ht
421 2586 473 2626 rus
487 2566 520 2624 in
534 2566 611 2624 urbe
625 2571 674 2625 cst
687 2566 863 2643 vinitorque
877 2564 1040 2626 Romanus.

307 2642 313 2657 ⁴
364 2649 430 2712 Nec
443 2651 476 2710 in
491 2647 625 2708 Falerno
641 2647 721 2708 colle
736 2650 833 2708 maior
848 2655 1042 2725 auctumnus,

364 2735 510 2812 Intraque
523 2729 619 2793 limen
638 2730 739 2792 clusus
754 2731 865 2793 essedo
880 2751 1003 2809 cursus,

364 2820 407 2878 Et
421 2819 453 2877 in
466 2814 621 2896 profundo
637 2835 775 2895 somnus,
798 2823 831 2876 et
848 2817 935 2894 quies
950 2813 1044 2876 nullis

322 2903 490 2966 250ffcnsa
502 2898 631 2978 linguis3
652 2918 711 2960 nec
726 2899 793 2960 dies
806 2900 868 2959 uisi
883 2898 1041 2961 admissus.

365 2984 430 3047 Nos
445 2983 634 3044 transeuntis
649 2984 729 3042 risus
746 2984 861 3043 excitat
877 2983 1005 3058 turbae,

364 3071 408 3130 Et
422 3066 460 3127 ad
474 3066 575 3126 cubile
593 3071 641 3126 est
654 3066 758 3128 Roma.
787 3064 906 3126 Taedio
921 3065 1013 3125 fessis

364 3153 508 3214 Dormire
524 3151 666 3229 quotiens
680 3150 786 3228 libuit,
808 3150 887 3209 imus
902 3147 939 3209 ad
952 3146 1064 3243 villam.

366 3344 604 3410 Ancillariolum
619 3352 671 3406 tua
684 3352 717 3407 tc
731 3263 923 3424 vloclllllixom
946 3348 1059 3428 etipsa

409 3430 614 3493 Lecticariola
626 3436 691 3491 est:
714 3433 806 3507 estis,
828 3429 963 3511 Alauda,
984 3449 1086 3514 parea.

367 3612 501 3673 Tantum
516 3611 569 3672 dat
581 3613 639 3672 tibi
653 3613 749 3673 Roma
762 3529 917 3673 ffifflm

365 3695 655 3768 Postaunosmodo
671 3696 847 3777 quindecim
859 3713 1004 3774 reverso,

1258 463 1322 528 297
