3267 4409
326 476 387 540 loe
638 465 696 537 'bl
713 474 804 537 VAL.
821 473 1045 536 MAR'I'IILIS

410 628 474 689 Sed
487 627 592 688 lances
607 627 688 686 ferat
703 627 882 706 etscyphos
898 644 1021 686 avorum

391 715 476 774 5Aut
491 711 615 790 grandis
630 729 701 770 rens
716 717 768 769 ant
780 716 892 791 potens
908 713 1038 788 amicus,

411 797 473 856 Seu
488 794 571 873 quod
586 801 616 853 te
630 796 732 874 potius
747 795 830 853 iurat
845 795 997 873 capitque.

354 940 357 946 ,
410 880 461 939 Sic
474 881 576 938 vincas
590 878 778 955 Noviumque
793 875 995 954 Publiumque

411 962 550 1022 Mandris
567 968 600 1020 et
612 962 711 1021 vitreo
726 961 849 1019 latrone
862 959 980 1034 clusos;

410 1046 461 1106 Sic
476 1043 606 1124 palmam
621 1045 677 1104 tibi
694 1044 733 1103 de
747 1045 871 1122 trigone
885 1044 967 1103 nudo

372 1129 527 1190 lbUnctae
542 1128 596 1186 det
611 1127 699 1186 favor
712 1129 829 1187 arbiter
844 1131 992 1205 coronae,
1053 1169 1056 1175 -

410 1213 474 1272 Nec
489 1210 596 1271 laudet
609 1209 720 1290 Polybi
733 1212 828 1289 magis
843 1212 996 1271 sinistrasz

410 1296 444 1356 Si
459 1298 616 1374 quisquam
632 1313 702 1354 mea
714 1294 828 1354 dixerit
842 1295 991 1373 malignus
1112 1340 1114 1344 -

409 1379 487 1439 Atro
503 1379 637 1437 carmina
652 1397 729 1457 quae
744 1378 869 1439 madent
881 1397 1018 1456 veneno,

409 1463 452 1523 Ut
466 1480 570 1521 vocem
587 1463 660 1521 mihi
676 1462 851 1522 commodes
864 1469 1039 1542 patronam,
1064 1490 1087 1531 ρ
1179 1536 1182 1542 .

368 1547 448 1607 aaut
462 1554 606 1623 qnantum
620 1547 753 1624 poteris,
775 1545 833 1606 sed
846 1564 958 1623 usque,
977 1544 1105 1605 clames:
1147 1549 1157 1556 ’

409 1629 498 1708 „Non
514 1630 638 1709 scripsit
653 1648 738 1689 meus
752 1632 811 1689 ista
825 1628 1012 1691 Martialis.“

778 1791 910 1852 LXXIII.

409 1901 555 1981 Esquiliis
570 1902 676 1962 domus
691 1908 755 1980 est,
777 1900 883 1961 domus
897 1908 945 1961 eat
959 1904 1017 1963 tibi
1032 1900 1111 1963 colle
1127 1903 1243 1965 Dianae
1349 1970 1358 1989 Ι

414 2045 416 2048 .
451 1988 493 2048 Et
506 1993 559 2048 tua
571 1987 718 2067 patricius
732 1984 866 2046 'culmina
882 1989 965 2047 vicus
980 1988 1088 2047 babet:

408 2072 490 2132 Ilinc
505 2071 613 2132 viduae
629 2070 777 2150 Cybeles,
797 2069 882 2130 illiue
898 2072 1030 2130 sacraria
1044 2071 1175 2145 Vestae,

452 2155 526 2214 Inde
541 2175 666 2233 novum,
687 2161 823 2214 veterem
838 2155 990 2234 prospicis
1004 2154 1077 2214 inde
1092 2153 1212 2216 Iovem..

308 2231 310 2240 ἱ
388 2240 483 2315 ollio,
504 2240 556 2298 nbi
574 2240 767 2315 conveniam,
788 2238 853 2316 dic,
876 2245 980 2318 quate
995 2246 1084 2319 parte
1098 2239 1270 2316 requiram:

452 2322 596 2400 Quisquis
610 2323 724 2399 ubique
744 2322 878 2401 habitat,
892 2322 1050 2402 Maxime,
1071 2341 1220 2402 nusquam
1233 2321 1355 2382 habItat

774 2482 908 2545 LXXIV.

410 2594 554 2675 Cyllenes
570 2591 710 2672 caelique
725 2593 835 2674 decus,
856 2596 988 2658 facunde
1002 2600 1161 2676 minister,

451 2680 554 2738 Aurea
569 2679 617 2737 cui
632 2685 715 2737 torto
730 2668 815 2756 rilga
830 2679 963 2741 dracone
976 2683 1070 2744 viret:

409 2762 460 2821 Sic
476 2763 532 2822 tibi
547 2761 651 2822 lascivi
666 2781 728 2820 non
742 2760 825 2828 desit
840 2765 927 2842 copia
942 2766 1033 2844 furti,

440 2846 519 2924 ,Sive
537 2846 622 2924 cupis
636 2845 790 2924 Paphien,
812 2865 868 2906 sen
883 2848 1061 2928 Ganymede
1076 2849 1175 2924 cales;

388 2930 633 3008 5Materuaeque
648 2930 743 2989 sacris
758 2939 908 2991 ornentur
925 2933 1087 2994 frondibus
1102 2932 1173 2994 Idus
1266 2988 1270 2993 .

450 3015 492 3074 nt
505 3014 609 3073 senior
623 3033 716 3093 parca
731 3013 813 3074 mole
827 3023 986 3095 prematur
1002 3037 1089 3078 avus:

374 3145 379 3155 ,
407 3099 498 3159 Ilunc
513 3116 635 3177 semper
649 3099 791 3158 Norbana
807 3098 888 3160 diem
904 3121 971 3161 cum
986 3104 1115 3181 coniuge
1131 3101 1233 3183 Carpo

449 3183 544 3244 Laeta
559 3181 654 3266 colat,
676 3183 784 3262 primis
798 3204 858 3262 quo
876 3187 979 3255 coiere
995 3188 1083 3248 toris.
1181 3234 1184 3238 .

406 3267 467 3327 Ilic
481 3270 548 3347 pins
564 3267 691 3326 antistes
709 3268 835 3347 sophiae
849 3288 902 3328 sua
916 3268 995 3329 dona
1009 3271 1180 3348 ministrat,

266 3359 269 3365 '
367 3360 400 3411 10
447 3352 506 3410 Hic
520 3356 552 3409 te
567 3357 637 3409 ture
652 3358 756 3428 vocat,
777 3350 857 3411 lidus
872 3355 984 3434 etipse
999 3355 1071 3417 lovi.

777 3498 901 3575 nixu

406 3621 462 3682 Vis
476 3621 555 3680 futui
571 3607 682 3699 gratis,
705 3643 772 3682 cum
788 3626 829 3683 sis
845 3623 992 3685 doiormIs
1006 3644 1150 3706 anusque.

448 3704 510 3764 Res
524 3704 714 3786 perridicula
728 3715 790 3767 est:
812 3709 857 3768 ris
876 3708 965 3789 dare,
987 3729 1046 3771 nec
1061 3709 1135 3772 dare
1149 3711 1204 3773 via.
