3267 4409
374 468 414 530 68
716 481 752 527 o.
773 479 845 528 rou.
868 477 1053 527 munuum

374 620 428 680 Dis
450 619 500 680 ille
525 619 656 679 adversis
680 620 795 696 genitus
817 618 937 697 fatoque
950 617 1088 694 sinistro,

375 703 468 777 Quem
489 713 573 781 pater
597 703 724 764 ardentis
745 721 858 763 massae
880 703 1000 779 fuligine
1020 702 1115 780 lippus
1305 716 1356 770 130

375 788 402 847 A
425 787 552 848 carbone
573 796 603 846 et
624 786 784 865 forcipibus
804 786 976 864 gladiosque
998 794 1118 863 parante

374 870 481 956 lncude
506 881 535 930 et
558 870 638 930 luteo
658 871 849 930 Vulcanoad
874 869 991 929 rhetora
1013 870 1098 928 misit.

335 1000 339 1008 .
415 954 562 1014 Bellorum
585 957 722 1032 exuviae,
745 956 851 1014 truncis
876 953 962 1012 affixa
983 954 1112 1031 tropaeis

374 1038 477 1098 Lorica
500 1048 530 1098 et
552 1038 644 1099 fracta
666 1040 702 1099 de
724 1039 838 1098 casside
862 1037 984 1097 buccula
1007 1039 1136 1116 pendens

374 1122 411 1181 Et
434 1131 543 1182 curtum
564 1132 679 1183 temone
701 1124 795 1200 iugum
816 1123 970 1199 victaeque
993 1123 1116 1181 triremis
1304 1134 1352 1187 135

376 1206 512 1285 Aplustre
538 1215 567 1265 et
588 1224 696 1266 summo
718 1208 807 1266 tristis
830 1207 961 1284 captivus
983 1207 1011 1264 in
1034 1224 1102 1265 arcu

373 1290 506 1349 Humanis
527 1291 635 1350 maiora
657 1291 742 1350 bonis
763 1289 927 1350 creduntur.
964 1288 1009 1349 Ad
1031 1289 1088 1349 hoc
1114 1307 1146 1348 se

372 1372 519 1434 Romanus
544 1373 702 1452 Graiusque
727 1383 756 1434 et
779 1374 919 1434 barbarus
940 1373 1128 1451 induperator

373 1457 486 1517 Erexit:
511 1476 614 1519 causas
638 1459 807 1520 discriminis
833 1467 919 1536 utque
941 1457 1050 1517 laboris

372 1540 441 1601 lnde
464 1541 570 1602 habuit.
608 1539 700 1601 'lanto
718 1544 812 1601 maior
837 1543 930 1602 lamae
954 1543 1016 1600 sitis
1041 1551 1102 1616 est,
1126 1559 1209 1619 quam
1303 1554 1353 1606 140

370 1625 500 1683 Virtutis.
536 1624 607 1697 Quis
629 1627 702 1685 enim
724 1628 857 1685 virtutem
880 1625 1062 1704 amplectitur
1083 1627 1185 1703 ipsam,

371 1707 500 1767 Praemia
522 1709 545 1766 si
567 1707 674 1768 tollas'l
698 1710 818 1786 patriam
842 1717 936 1779 tamen
959 1709 1054 1771 obruit
1082 1709 1150 1769 olim

372 1790 470 1851 Gloria
494 1794 649 1869 paucorum
671 1801 700 1851 et
725 1792 816 1851 laudis
838 1786 969 1870 titulique
994 1793 1099 1870 cupido

371 1873 492 1934 llaesuri
515 1877 592 1934 saxis
616 1878 743 1939 cinerum
766 1875 950 1951 custodibus,
978 1876 1013 1936 ad
1036 1895 1111 1955 qnae

371 1957 558 2018 Discutienda
580 1960 677 2020 valent
701 1960 808 2019 sterilis
830 1961 904 2021 mala
929 1959 1036 2020 robora
1060 1961 1117 2037 tici,
1301 1975 1349 2028 145

373 2041 610 2121 Quandoquidem
634 2044 700 2104 data
722 2053 787 2104 sunt
811 2045 882 2124 ipsis
905 2062 1020 2123 quoqne
1043 2044 1101 2106 fata
1127 2046 1279 2124 sepulcris.

372 2124 514 2204 Expende
536 2127 738 2188 Hannibalem:
765 2137 836 2207 quot
857 2128 946 2189 libras
967 2130 995 2190 in
1017 2129 1092 2190 duce
1115 2148 1223 2189 summo

370 2208 526 2270 Invenies?
552 2211 599 2271 hic
623 2221 682 2287 est,
706 2230 791 2290 quem
814 2230 872 2272 non
886 2214 974 2292 'capit
995 2212 1095 2274 Africa
1116 2212 1215 2274 Mauro

370 2293 512 2354 Percussa
536 2293 653 2355 Oceano
676 2295 801 2374 Niloque
826 2298 939 2357 admota
963 2298 1082 2376 tepenti,

369 2377 479 2440 Rursus
504 2377 541 2438 ad
564 2379 741 2457 Aethiopum
761 2381 888 2460 populos
911 2382 1043 2458 altosque
1065 2380 1245 2460 elephantos.
1298 2396 1349 2447 150

370 2461 492 2521 Additur
520 2465 647 2541 imperiis
668 2463 821 2541 Hispania,
845 2464 1024 2538 Pyrenaeum

370 2542 518 2614 Transilit;
543 2550 680 2625 opposuit
701 2555 800 2606 natura
822 2545 985 2624 Alpemque
1007 2546 1174 2623 niuemque:

368 2628 484 2688 Diducit
506 2632 647 2708 scopulos
669 2639 699 2689 et
719 2639 844 2704 montem
865 2632 968 2707 rumpit
993 2637 1087 2689 aceto.

369 2711 427 2772 lam
452 2722 532 2774 tenet
553 2713 676 2780 ltaliam;
703 2722 797 2774 tamen
819 2713 893 2772 ultra
918 2729 1044 2790 pergere
1067 2711 1172 2771 tendit:

369 2796 490 2873 Actum,
513 2798 619 2876 inquit,
640 2797 709 2859 nilril
737 2807 798 2873 est,
820 2798 875 2857 nisi
896 2797 994 2858 Poeno
1016 2795 1106 2855 milite
1129 2806 1228 2875 portas
1296 2809 1346 2862 155

356 2880 535 2957 ⁴Frangimus
560 2891 590 2942 et
611 2883 705 2943 media
727 2882 866 2943 vexillum
888 2898 966 2961 pono
989 2879 1111 2941 Subura.

368 2962 392 3021 0
416 2965 509 3042 qualis
532 2965 624 3025 iacies
646 2975 676 3026 et
696 2966 775 3045 quali
800 2966 886 3044 digna
908 2965 1026 3040 tabella,

367 3044 460 3119 Quum
484 3047 603 3109 Gaetula
628 3051 732 3110 ducem
754 3061 885 3129 portaret
905 3049 1003 3110 bellua
1028 3049 1153 3110 luscum!

367 3127 469 3189 Exitus
485 3131 564 3208 'ergo
588 3134 652 3210 quis
674 3131 740 3193 est?
765 3151 783 3194 o
805 3134 913 3212 gloria!
936 3134 1155 3195 vincituridem

366 3210 479 3290 Nempe
501 3224 530 3274 et
550 3217 578 3274 in
598 3217 714 3276 exilium
737 3234 884 3298 praeceps
905 3219 977 3296 tagit
998 3228 1083 3297 atque
1100 3219 1143 3278 ibi
1163 3236 1282 3295 magnus
1298 3228 1348 3281 150

364 3294 569 3375 Mirandusque
596 3299 688 3358 cliens
714 3302 799 3361 sedet
825 3303 861 3363 ad
880 3305 1027 3380 praetoria
1051 3304 1142 3380 regis,

365 3377 469 3439 Donec
490 3381 612 3457 Bithyno
638 3381 729 3444 libeat
751 3385 874 3462 vigilare
900 3395 1030 3462 tyranno.

364 3461 464 3522 Finem
486 3468 614 3542 animae,
640 3484 714 3544 quae
740 3487 789 3527 res
813 3470 950 3530 humanas
976 3471 1090 3531 miscuit
1111 3472 1190 3546 olim,

363 3545 429 3605 Non
455 3548 562 3625 gladii,
586 3567 643 3610 noo
666 3567 735 3610 saxa
757 3551 878 3628 dabunt,
901 3573 957 3613 nec
979 3556 1054 3629 tela,
1083 3556 1136 3616 sed
1157 3555 1209 3615 illc

365 3627 525 3691 Cannarum
549 3633 657 3692 vindex
685 3644 714 3693 et
737 3638 807 3694 tanti
834 3639 979 3714 sanguinis
1002 3640 1078 3699 ultor
1299 3647 1346 3701 155

363 3712 502 3774 Annulus.
538 3716 551 3777 l
576 3717 697 3777 demens
720 3726 750 3776 et
776 3736 880 3779 saevas
902 3739 986 3782 curre
1010 3741 1066 3801 per
1089 3722 1193 3801 Alpes,
