3267 4409
686 466 812 517 sauma
832 467 866 517 u.
1250 457 1290 525 27

303 603 470 666 ttthust-
484 603 636 684 0nnmmi‚
652 607 738 668 vobis
748 607 824 667 bunc
841 615 970 686 praestat
992 607 1142 687 honorem,

302 690 366 750 Vos
390 690 460 748 estis
481 689 603 753 iratres!
637 691 767 751 dominus
789 700 885 750 tamen
906 699 936 751 et
958 691 1063 752 domini
1084 712 1137 756 rex

303 774 335 834 st
358 774 403 833 vis
426 782 455 833 ιιι
480 773 560 849 lieri,
582 773 678 834 nullus
699 774 751 834 tibi
773 774 912 853 paruulus
933 775 1000 837 aula

303 858 417 935 luserit
442 857 559 917 Aeneas
583 874 640 917 nec
661 857 720 918 lilia
741 857 855 918 dulcior
876 858 945 918 illo:

302 940 459 1001 Iucundum
482 950 512 1002 et
534 958 630 1001 carum
652 941 761 1002 sterilis
782 943 853 1003 lacit
873 958 948 1002 uxor
968 942 1099 1003 amicum.

303 1024 362 1086 Sed
385 1034 433 1086 tua
456 1043 531 1085 nunc
549 1023 665 1102 blygale
687 1024 780 1104 pariat
802 1024 872 1085 licet
895 1035 924 1085 et
946 1044 1055 1105 pueros
1076 1036 1137 1090 tres

302 1108 335 1170 ln
359 1110 499 1186 gremium
520 1109 611 1188 patris
633 1109 732 1170 fundat
754 1109 855 1171 simul:
881 1110 946 1189 ipse
968 1109 1087 1191 loquaci

303 1192 445 1254 Gaudebit
466 1193 551 1268 nido,
573 1192 694 1254 viridem
716 1193 837 1254 thoraca
858 1193 970 1254 iubebit
1028 1206 1031 1213 '

301 1276 409 1337 dlferri
432 1278 619 1354 minimasque
641 1294 731 1337 nuces
754 1295 910 1357 assemque
932 1287 1076 1356 rogatum,

301 1360 348 1421 Ad
369 1379 496 1420 mensam
518 1363 632 1439 quoties
655 1362 799 1439 parasitus
821 1362 935 1422 uenerit
956 1363 1107 1424 inians.-

301 1443 416 1505 Vilibus
439 1446 580 1523 ancipites
601 1445 681 1522 iungi
703 1454 848 1523 ponentur
869 1448 979 1523 amicis,

293 1528 422 1602 ¹Boletus
443 1528 575 1598 domino;
599 1529 652 1589 sed
673 1529 776 1607 quales
799 1527 937 1590 Claudius
961 1529 1022 1591 edit

300 1613 378 1672 Ante
399 1612 480 1672 illum
501 1613 617 1689 uxoris,
643 1621 712 1697 post
736 1631 821 1691 quem
842 1613 882 1673 nil
904 1613 1026 1693 amplius
1048 1613 1116 1676 edit.

300 1696 387 1757 Virro
409 1697 464 1756 sibi
487 1705 516 1757 et
537 1697 658 1776 reliquis
678 1696 850 1757 Virronibus
872 1697 929 1780 itta,
943 1698 1056 1760 iubebit

300 1781 388 1841 Poma
412 1780 490 1857 dari,
512 1798 633 1860 quorum
654 1779 720 1841 solo
742 1782 872 1860 pascaris
896 1781 1004 1851 odore;

301 1864 406 1938 Qualia
428 1874 587 1944 perpetuus
610 1863 773 1926 Phaeacum
790 1873 946 1927 autumnus
968 1864 1105 1943 babebat,

301 1947 432 2009 Credere
456 1966 531 2027 qnae
551 1948 647 2027 possis
664 1951 803 2027 subrepta
825 1949 976 2010 sororibus
996 1950 1093 2010 Afris:

301 2032 345 2093 Τιι
368 2030 468 2093 scabie
489 2032 595 2093 frueris
615 2032 698 2109 mali,
722 2033 801 2112 quod
817 2035 846 2093 in
867 2049 979 2110 aggere
1001 2034 1089 2105 rodit,

301 2116 358 2190 Qui
379 2117 488 2193 tegitur
505 2133 604 2196 parma
624 2125 655 2176 et
675 2115 762 2195 galea
782 2125 973 2194 metuensque
997 2116 1109 2194 flagelli

300 2200 395 2261 Discit
416 2199 452 2260 ab
469 2201 580 2261 hirsuta
603 2200 727 2261 iaculum
748 2209 889 2279 torquere
913 2201 1038 2280 capella.

299 2283 434 2345 Forsitan
454 2285 603 2364 impensae
622 2284 776 2346 Virronem
797 2302 923 2365 parcere
944 2282 1069 2347 credas?

298 2367 364 2430 lloc
386 2369 462 2447 agit,
487 2379 520 2430 ut
540 2368 657 2438 doleam
681 2386 747 2430 nam
768 2386 844 2448 quas
865 2370 1033 2448 comoedia,
1057 2369 1159 2429 mimus

300 2452 373 2526 Quis
394 2452 498 2515 melior
518 2452 654 2532 plorante
673 2451 764 2530 gula?
786 2469 860 2532 ergo
882 2456 977 2516 omnia
999 2455 1080 2532 liunt,

300 2538 332 2597 st
353 2538 465 2614 nescis,
492 2547 524 2598 ut
546 2555 601 2617 per
621 2537 755 2599 lacrimas
778 2537 937 2599 effundere·
951 2539 1039 2600 bilem

300 2618 424 2698 (inparis
444 2638 609 2700 pressoque
630 2621 678 2683 din
700 2622 825 2698 stridere
846 2622 957 2683 molari.
1235 2630 1286 2685 160

299 2704 343 2766 l'u
366 2703 418 2765 tibi
438 2705 514 2766 liber
534 2704 621 2766 bomo
645 2713 680 2767 et·
695 2709 776 2784 regis
797 2708 919 2769 conviva
941 2708 1066 2769 videris:
1186 2739 1189 2745 ·

301 2787 424 2869 Captum
446 2798 477 2850 te
497 2789 600 2850 nidore
621 2806 692 2851 suae
715 2798 796 2868 putat
816 2790 868 2851 ille
890 2791 1005 2852 culinae

297 2873 363 2934 Nec
384 2873 460 2934 male
482 2874 642 2943 coniectum
689 2875 755 2952 quis
778 2875 854 2934 enim
872 2883 930 2934 tam
950 2875 1060 2951 nudus,
1083 2882 1115 2934 ut
1135 2873 1215 2935 illum

297 2958 347 3018 Bis
368 2958 459 3036 ierat,
485 2957 640 3019 Etmscnm
660 2973 754 3036 puero
775 2958 800 3017 si
822 2958 946 3035 contigit
966 2976 1065 3020 aurum

297 3039 356 3102 Vel
376 3042 469 3103 nodus
491 3050 600 3103 tantum
622 3048 653 3100 ct
673 3041 785 3119 signum
807 3040 852 3101 de.
865 3058 997 3120 paupere
1020 3039 1106 3102 loro?
1234 3049 1284 3104 165

298 3126 375 3206 Spes
397 3124 474 3186 bene
495 3125 637 3186 coenandi
657 3141 712 3184 vos
734 3125 870 3203 decipite
883 3143 956 3186 ecce
978 3126 1057 3188 dabit
1077 3128 1133 3189 lam

298 3200 451 3272 Semesum'
474 3209 606 3290 leporem
628 3218 715 3287 atque
739 3207 847 3288 aliquid
869 3209 907 3270 de
930 3209 1064 3272 clunibus
1083 3210 1157 3290 apri,

297 3295 344 3355 Ad
369 3306 423 3355 nos
448 3296 503 3356 iam
526 3295 626 3355 veniet
646 3294 739 3353 minor
762 3293 863 3362 altilis;
885 3295 954 3355 inde
975 3304 1077 3374 parato

296 3378 470 3458 Intactoqne
490 3397 591 3440 omnes
612 3387 642 3438 et
660 3379 761 3438 stricto
783 3394 861 3457 pane
877 3380 991 3441 tacetis.

296 3462 352 3524 llle
374 3464 467 3542 sapit,
493 3465 541 3544 qni
563 3473 594 3524 te
616 3463 660 3523 sic
684 3463 797 3621 uti'
831 3464 927 3524 amnia
946 3464 1026 3525 ieras
1232 3466 1282 3521 tto

298 3549 330 3608 Si
345 3555 443 3623 potes,
469 3558 499 3609 et
523 3547 635 3617 debes:
657 3546 723 3626 puls
799 3564 827 3605 m
849 3548 962 3608 vertice
982 3565 1050 3609 raso

296 3631 457 3692 Praebebis
479 3633 653 3712 quandoque
674 3639 762 3711 caput
779 3648 837 3691 nec
858 3631 929 3692 dura
950 3632 1065 3694 timebis

296 3713 405 3794 Flagra
428 3719 504 3797 pati,
528 3716 573 3777 bis
596 3713 690 3794 epulis
712 3724 743 3776 et
765 3715 816 3776 tali
838 3716 943 3794 dignus
965 3716 1073 3781 amica!
1208 3768 1211 3772 .
1259 3753 1263 3759 ·
