3267 4409
478 462 481 467 “
513 449 853 514 EPIGRAMMATON
865 449 939 517 LlB.
955 451 1005 515 Vl.

279 640 280 681 1
337 603 437 668 Nullae
450 605 496 666 sio
511 569 570 666 tihi
584 603 784 665 blandientur
799 603 918 685 undae,

339 691 392 752 Nec
405 691 510 751 fontes
526 691 629 769 Aponi
642 688 735 749 rudes
749 688 881 768 puellis,

329 774 401 838 5Non
413 773 516 835 mollis
524 766 677 861 ,Sinuessa
689 771 865 852 fervidique

341 857 453 920 Fluctus
468 859 610 918 Passeris
625 863 677 916 aut
691 859 842 938 superbus
857 858 980 938 Anxur,

305 1004 308 1011 ,
344 942 397 1002 Non
408 943 529 1002 Phoebi
543 940 619 1002 vada
632 942 852 1022 principesque
866 942 968 1001 Baiae.

297 1042 301 1055 ·
345 1024 480 1105 Nusquam
493 1033 556 1086 tam
568 1025 700 1085 nitidum
712 1032 799 1087 vacat
814 1032 973 1086 serenumt

347 1108 398 1170 hux
407 1112 472 1191 ipsa
487 1118 536 1170 est
549 1111 594 1169 ibi
606 1109 745 1188 longior,
768 1109 898 1190 diesque

324 1191 419 1254 lthllo
431 1193 551 1255 tardius
566 1215 583 1254 a
596 1193 665 1254 loco
680 1192 810 1277 recedit.

349 1275 398 1342 llllt
408 1279 538 1358 Taygeti
551 1279 653 1338 virent
667 1277 791 1337 metalla

350 1359 381 1421 tt
391 1369 509 1423 certant
519 1362 604 1422 vario
619 1361 734 1422 decore
749 1381 836 1439 saxa,

352 1444 416 1520 Quae
427 1447 532 1526 Phryx
546 1452 579 1506 et
591 1444 686 1526 Libys
701 1445 792 1506 altius
807 1443 938 1520 cecidit;

353 1527 434 1594 Siccos
446 1531 569 1612 pinguis
583 1550 663 1610 onyx
677 1529 802 1590 anhelat
816 1535 919 1590 aestus

328 1610 381 1672 nh
390 1615 500 1674 damma
513 1615 601 1674 tenui
615 1614 716 1674 calent
730 1614 865 1695 ophitae.

353 1693 419 1758 Ritus
432 1699 457 1759 si
470 1697 614 1780 placeant
627 1700 685 1758 tihi
698 1699 870 1776 Laconum,

354 1778 499 1844 hortentus
513 1789 605 1864 potes
620 1781 706 1842 arido
721 1801 836 1863 vapore

354 1861 432 1927 huda
444 1869 574 1947 Virgine
589 1867 744 1927 Marciave
759 1867 875 1944 mergi;

355 1945 416 2022 Quae
428 1957 488 2011 tam
503 1949 651 2028 candida,
673 1956 735 2011 tarn
749 1969 861 2011 serena
875 1950 978 2028 lucet,
1075 1980 1077 1985 ·

329 2028 481 2096 antonias
495 2037 541 2096 ihi
555 2037 722 2115 suspiceris
735 2033 833 2094 undas

353 2111 382 2174 tt
392 2118 490 2180 credas
505 2139 628 2180 vacuam
642 2120 745 2179 nitere
756 2118 883 2198 lygdon.

352 2195 401 2260 Non
412 2203 561 2283 attendis,
583 2209 616 2263 et
629 2222 703 2263 aure
717 2222 766 2263 me
782 2203 891 2283 supina

352 2278 394 2344 lan
405 2285 515 2348 dudum
529 2289 615 2367 qnasi
627 2287 825 2366 negligenter
836 2285 931 2348 audis.

352 2362 432 2433 illotas
445 2373 607 2450 morieris,
629 2368 779 2452 0'ppiane.

709 2505 806 2566 XLlll

351 2607 406 2676 lin
418 2618 475 2678 tihi
488 2617 599 2678 felices
613 2614 792 2696 indulgent,
814 2617 970 2695 castrice,
991 2617 1083 2678 Baiae

379 2699 514 2781 Canaque
528 2701 704 2782 sulphureis
717 2703 852 2782 nympha
865 2707 988 2762 natatur
1004 2703 1107 2782 aquis,

350 2773 387 2842 lle
397 2786 579 2846 Nomentani
596 2787 778 2846 confirmant
792 2787 855 2846 otia
870 2787 952 2846 ruris

278 2918 282 2939 ,
376 2865 410 2929 llt
423 2890 491 2930 casa
504 2871 663 2947 iugeribus
676 2889 737 2930 non
753 2889 885 2930 onerosa
899 2871 971 2932 suis.

278 2946 282 2959 '
335 2942 398 3012 illoc
410 2954 484 3014 mihi
498 2953 606 3014 Baiani
620 2953 702 3014 soles
717 2953 881 3034 mollisque
895 2954 1065 3034 Lucrinus,

377 3035 436 3098 lloc
449 3038 527 3098 mihi
541 3044 614 3098 snnt
626 3043 766 3116 vestrae,
791 3039 948 3117 castrice,
969 3037 1102 3098 divitiae.

348 3111 485 3192 Quondam
499 3120 639 3182 laudatas
655 3142 837 3202 quocunque
851 3122 970 3183 lihehat
983 3120 1021 3181 ad
1036 3118 1133 3180 undas

376 3204 521 3284 Currere,
542 3226 601 3266 nec
614 3205 721 3284 longas
735 3209 933 3286 pertimuisse
948 3207 1028 3284 vias,

346 3280 413 3349 Nunc
426 3291 513 3351 urhis
527 3291 627 3351 vicina
640 3293 745 3350 iuvant
757 3291 928 3370 facilesque
942 3308 1104 3365 recessus,

322 3368 342 3424 ¹⁰
373 3371 408 3434 Et
420 3375 495 3435 satis
510 3381 575 3454 est,
596 3375 685 3455 pigro
701 3375 729 3435 si
742 3373 820 3436 licet
834 3394 902 3436 esse
920 3375 1004 3435 mihi.

707 3507 814 3572 XLIV.
885 3504 888 3509 ’

342 3615 449 3686 Festive
465 3621 570 3686 credis
583 3629 633 3702 te,
654 3621 852 3703 Calliodore,
873 3625 971 3684 iocari

373 3707 521 3772 hasalam
534 3706 632 3772 multo
647 3707 860 3791 permaduisse
875 3706 950 3769 sale.

1220 448 1280 513 137
