3267 4409
325 467 388 535 194
647 464 692 530 n.
705 462 798 530 vau.
812 462 1041 542 nausimus
1125 414 1136 429 ”

408 619 553 703 Speranti
566 617 672 701 plures
686 615 729 664 '-
742 639 811 679 nam
827 624 910 679 stare
924 625 977 679 aut
991 627 1135 680 crescere
1151 618 1270 682 debent

450 707 582 770 Munera
595 739 638 750 -
649 710 802 781 venerunt
816 703 924 783 plusve
940 704 1077 763 minusve
1092 703 1181 768 duae.

387 791 540 864 §.Tertius
553 795 588 849 et
602 794 728 866 quartus
741 787 837 847 multo
850 788 1002 847 iuferiora
1016 785 1166 855 tulerunt.

449 875 544 934 Libra
558 873 618 933 fuit
631 873 740 951 quinto
754 871 931 951 Septiciana
946 871 1079 950 quidem.

408 957 564 1019 Bessalem
580 955 619 1016 ad
633 954 783 1016 scutulam
802 961 889 1015 sexto
925 957 1098 1017 ervenlmua
1114 975 1212 1034 anno;

450 1044 526 1103 Post
539 1043 620 1101 hunc
634 1042 666 1100 in
680 1040 782 1100 cotula
796 1058 866 1099 rasa
879 975 996 1100 sellihra
1011 1039 1081 1101 data
1099 1046 1157 1102 est.

373 1170 380 1176 -
408 1127 539 1188 Octavus
552 1123 677 1203 ligulam
692 1126 775 1184 misit
788 1129 928 1191 sextante
943 1124 1110 1200 minorem;

366 1220 398 1274 10
448 1210 553 1269 Nonus
567 1229 623 1268 acu
635 1207 735 1268 levius
749 1210 798 1268 vix
813 1206 977 1267 cochleare
993 1207 1074 1270 tulit.

410 1293 499 1371 Quod
513 1295 615 1353 mittat
628 1293 717 1352 nobis
732 1291 869 1351 decimus
884 1292 944 1352 iam
958 1292 1130 1354 nonhabet
1143 1312 1255 1356 mnus:

451 1379 603 1455 Quattuor
617 1376 656 1437 ad
669 1374 783 1456 libras,
804 1376 1018 1455 Postumiane,
1039 1375 1119 1438 redi.

776 1541 897 1603 LXXII.

408 1655 550 1716 Nondum
563 1657 679 1717 murice
695 1654 796 1717 cultus
810 1675 983 1736 asperoque

407 1741 515 1801 Morsu
530 1743 659 1821 pumicis
676 1741 753 1801 aridi
770 1732 887 1821 politus

407 1824 560 1884 Arcanum
578 1844 727 1905 properas
742 1826 846 1905 sequi,
867 1820 996 1902 libelle,

408 1909 505 1984 Quem
519 1908 727 1988 pulcherrima
741 1910 801 1969 iam
815 1907 922 1968 redire
937 1907 1058 1988 Narbo,

385 1992 501 2055 5Docti
515 1994 617 2053 Narbo
631 1988 765 2054 Paterna
779 1992 924 2070 Votieni,

408 2077 457 2137 Ad
471 2077 557 2157 leges
572 2079 659 2138 iubet
673 2096 850 2156 annuosque
866 2077 982 2150 fasces3

406 2163 497 2224 Votis
514 2162 596 2241 qnod
609 2165 734 2242 parihus
749 2163 805 2222 tihi
821 2159 988 2242 petendum
1003 2165 1064 2238 est,

408 2245 577 2324 Continget
589 2246 677 2306 Iocus
691 2246 747 2306 ille
762 2252 795 2306 et
809 2247 860 2305 hic
877 2245 1000 2306 arnicas.

407 2328 502 2404 Quam
517 2329 628 2391 vellem
642 2332 712 2391 fieri
727 2348 812 2389 mens
825 2327 967 2390 libellus!

772 2489 905 2551 LXXIII.

406 2604 552 2681 Instanti,
575 2623 635 2682 quo
650 2621 709 2663 nec
723 2604 875 2663 sincerior
891 2601 971 2662 alter
985 2603 1116 2664 habetur

447 2688 595 2765 Pectore,
617 2706 676 2746 nec
690 2688 778 2747 nivea
793 2686 990 2767 simplicitate
1004 2688 1108 2766 prior,

406 2770 441 2831 Si
455 2771 529 2831 dare
543 2772 588 2831 vis
603 2777 728 2831 nostrae
742 2772 826 2831 vires
842 2773 1021 2850 animosque
1035 2770 1167 2833 Thaliae

446 2856 487 2919 Et
500 2856 618 2915 victura
631 2857 712 2934 petis
728 2857 878 2934 carmiua,
900 2854 938 2914 da
953 2854 1036 2934 quod
1050 2875 1157 2922 amem.

382 2939 539 3019 bcynthia
553 2946 586 2999 te
600 2946 701 2999 vatem
717 2940 808 3018 fecit,
830 2938 944 3000 lascive
961 2939 1125 3019 Properti3

418 3029 419 3032 ’
447 3025 605 3103 Ingenium
621 3022 704 3083 Galli
723 3023 855 3105 pulchra
868 3025 997 3104 Lycoris
1013 3029 1088 3084 erat.

403 3108 497 3170 Fama
512 3115 560 3168 eat
574 3110 675 3188 arguti
688 3109 829 3170 Nemesis
845 3110 979 3169 formosa
994 3107 1127 3171 TibuIII:

444 3193 558 3253 Lesbia
572 3192 711 3272 dictavit,
732 3193 824 3256 docte
840 3190 979 3270 Catulle,
1000 3193 1067 3254 tihi.

403 3275 471 3338 Non
488 3296 538 3337 me
552 3275 675 3356 Peligni
689 3296 747 3338 nec
762 3281 891 3359 spernet
903 3275 1032 3337 Mantua
1044 3282 1160 3357 vatem,

363 3368 397 3420 10
446 3360 479 3420 Si
496 3381 556 3440 qua
571 3361 707 3422 Corinna
717 3364 809 3440 mihi,
832 3359 942 3439 siquis
956 3358 1063 3418 Alexis
1081 3363 1152 3423 erit.

775 3484 923 3590 cxxiv(

402 3635 631 3716 Hoplomachus
644 3658 725 3699 nuuc
741 3658 793 3717 es,
813 3641 918 3700 fueras
932 3641 1158 3720 ophthalmicus
1172 3647 1255 3705 ante.

441 3722 560 3782 Fecisti
575 3722 712 3784 medicus
727 3722 810 3804 quod
825 3725 901 3785 facis
918 3725 1149 3806 hoplomaohus.
