3267 4409
329 528 336 537 ι
368 443 432 508 240
690 445 1086 509 novennarium

473 652 476 655 Α
493 594 637 677 Haedus,
657 597 814 658 inhumani
828 604 935 678 raptus
950 602 987 660 ab
1002 597 1159 680 ore-lupi,

411 683 492 745 mitt
507 701 585 760 quac
599 701 661 741 nou
676 688 787 761 egeant
801 683 888 742 ferro
903 685 1066 744 structoris
1081 682 1214 766 ofellae,

495 766 538 829 Et
551 765 621 825 faba
636 765 795 825 fabrorum
808 768 1038 846 prototomique
1052 766 1156 829 rudes.

451 846 559 910 Pullus
574 848 703 909 adhaec
719 850 865 929 cenisque
881 850 1051 910 triburiam
1065 870 1164 931 perna
1178 860 1333 937 superstes

492 931 651 1007 Addetur3
673 935 784 993 saturis
800 935 886 993 mitia
898 953 988 1013 poma
1003 933 1098 1012 dabo,

450 1015 497 1076 De
510 1020 700 1080 Nomentana
713 1019 814 1077 vinum
829 1019 895 1077 sine
910 1018 997 1077 faece
1014 1016 1140 1097 lagona,

408 1110 444 1163 20
491 1099 575 1177 Quae
589 1101 636 1160 bis
649 1102 800 1161 Frontino
818 1098 944 1160 consule
958 1095 1056 1181 prima
1068 1101 1137 1165 fnit.

451 1183 614 1245 Accedunt
628 1185 694 1244 sine
707 1183 785 1244 felle
801 1186 864 1244 ioci
878 1204 936 1245 nec
951 1204 1039 1246 mane
1054 1184 1191 1246 timenda

455 1264 458 1269 ’
492 1268 635 1328 Libertas
651 1274 684 1328 et
696 1267 740 1327 nil
755 1267 838 1348 quod
852 1270 983 1329 tacuisse
1001 1268 1087 1331 velis.

450 1353 497 1413 De
512 1354 637 1433 prasino
653 1353 778 1412 conviva
792 1370 877 1411 meus
890 1359 1064 1433 venetoque
1077 1351 1240 1433 loquatur,

491 1435 556 1497 Nec
571 1436 689 1496 faciunt
704 1454 887 1516 quemquam
902 1436 1011 1517 pocula
1026 1443 1133 1498 nostra
1146 1455 1243 1499 reum.

832 1569 940 1633 XLlX.

451 1683 527 1744 Cum
542 1686 632 1760 potes
647 1683 869 1760 amethystinos
881 1683 1013 1743 trientes

448 1766 491 1826 Et
504 1765 592 1842 nigro
608 1763 730 1825 madeas
745 1766 922 1845 Opimiano,

449 1849 599 1928 Propinas
613 1847 703 1908 modo
721 1848 878 1909 conditum
893 1851 1037 1910 Sabinum

448 1934 490 1995 Et
504 1932 580 1992 dicis
597 1933 688 2010 mihi,
710 1935 802 1993 Cotta
815 1934 892 2012 „vis
906 1936 939 1993 in
954 1934 1074 1994 ιιιιιοὶιιι

427 2019 617 2096 5Quisquam
633 2014 777 2096 plumbea
790 2018 861 2078 vinu
872 2015 939 2078 volt
951 2019 984 2080 in
998 2019 1100 2080 aurol

864 2152 899 2212 L.

447 2267 582 2345 Frangat
594 2264 750 2325 idumaeas
764 2264 863 2327 tristis
877 2266 1017 2328 Victoria
1029 2263 1162 2347 palmas,
1253 2244 1261 2263 ’

490 2349 624 2429 Plange,
644 2348 760 2426 Favor‚
782 2368 871 2410 saeva
884 2356 1012 2430 pectora
1026 2350 1107 2412 nuda
1124 2370 1224 2412 manu.

447 2433 551 2494 Mutet
565 2435 674 2494 Honor
690 2432 793 2500 cultus
804 2439 837 2493 et
851 2434 965 2514 iniquis
980 2454 1107 2495 munera
1120 2435 1251 2496 flammis

489 2518 584 2578 Mitte
600 2523 777 2595 coronatas,
799 2516 906 2578 Gloria
921 2525 1050 2597 maesta,
1074 2539 1186 2581 comas.

423 2601 518 2662 5Heu
531 2601 663 2661 lacinus!
684 2602 783 2681 prima
796 2600 972 2681 fraudatus,
994 2603 1128 2685 Scorpe,
1147 2605 1273 2665 iuventa

490 2683 613 2746 Occidis
627 2691 660 2746 et
673 2687 778 2764 nigros
794 2693 856 2746 tam
871 2686 932 2747 cito
947 2687 1048 2766 iungis
1065 2707 1170 2767 equos.

448 2768 597 2830 Curribus
609 2767 664 2830 illa
678 2771 739 2828 tuis
753 2788 877 2850 semper
889 2779 1056 2850 properata
1070 2773 1236 2853 brevisque

489 2854 553 2914 Gur
566 2853 626 2914 luit
640 2859 673 2914 et
686 2854 766 2914 vitae
781 2860 843 2914 tam
857 2873 955 2936 prope
968 2861 1051 2917 meta
1064 2856 1158 2917 tuae?

854 2986 903 3049 Ll.

449 3098 560 3162 Sidera
574 3103 634 3163 iam
651 3101 765 3182 Tyrius
778 3103 905 3164 Phrixei
920 3105 1049 3186 respicit
1063 3105 1133 3184 agni

491 3186 610 3247 Taurus
625 3193 659 3247 et
673 3187 825 3248 alternum
840 3189 969 3249 Castora
984 3189 1064 3268 fugit
1077 3190 1193 3263 hiems;
1259 3206 1262 3211 ·

445 3269 540 3332 Ridet
555 3289 643 3350 ager,
665 3272 795 3332 vestitur
811 3273 937 3350 humus,
957 3275 1088 3334 vestitur
1103 3279 1137 3333 et
1150 3275 1261 3352 arhor,

469 3353 645 3416 ‘Ismarium
657 3354 763 3436 pellex
776 3356 880 3418 Attica
893 3355 994 3436 plorat
1008 3358 1086 3436 ltyn.

421 3440 544 3517 thos,
564 3439 727 3519 Faustino,
749 3437 831 3519 dies,
855 3439 961 3519 quales
975 3441 1036 3501 tibi·
1044 3440 1140 3502 Roma
1153 3439 1314 3503 Ravennae

486 3522 639 3584 Abstulit!
660 3545 678 3583 o
694 3522 794 3602 soles,
817 3543 835 3584 o
850 3526 985 3586 tunicata
1001 3526 1106 3606 quies!

445 3606 472 3665 0
486 3625 610 3686 nemus,
630 3627 648 3668 o
663 3608 766 3669 lontes
781 3606 974 3689 solidumque
988 3609 1139 3671 madentis
1153 3610 1288 3673 harenae

485 3691 573 3752 Litus
588 3698 622 3754 et
634 3694 797 3774 aequoreis
814 3693 994 3775 splendidus
1008 3695 1115 3756 Anxur
1126 3696 1229 3776 aquis,
