3267 4409
570 463 912 526 nurnmmunnon
925 466 999 529 nra.
1015 415 1046 529 ιζ
1276 415 1322 533 ’19
1393 440 1395 444 ’

342 610 433 674 5Non
446 616 585 690 possunt
593 610 661 670 sine
674 608 810 670 mentula
826 609 961 690 placere.

361 693 445 772 Quid
458 695 486 753 si
500 711 551 754 me
564 695 672 754 iubeas
685 693 882 754 talassionem

360 779 478 841 Verbis
491 777 600 838 dicere
614 797 677 837 non
690 776 889 838 talassionis'l

362 863 439 940 Quis
452 860 595 922 Floralia
609 863 703 923 vestit
717 867 751 921 et
764 860 910 923 stolatum

361 947 524 1007 Permittit
536 946 754 1006 meretricibus
768 945 944 1025 pudorem?
1013 966 1017 971 ’

323 1031 427 1094 roLex
438 1031 519 1090 baec
534 1031 718 1090 carminibus
733 1028 804 1089 data
818 1037 866 1090 est
882 1033 1008 1112 iocosis,

362 1201 467 1277 Quare
482 1197 626 1278 deposita
642 1198 811 1258 severitate

360 1284 477 1343 Parcas
489 1281 609 1342 lusibus
624 1286 657 1342 et
670 1282 747 1342 iocis
763 1301 920 1361 rogamus,

347 1367 427 1428 Nec
442 1372 581 1426 castrare
597 1364 673 1425 velis
687 1384 773 1426 meos
787 1364 921 1439 libellos.

323 1463 354 1516 15
361 1449 451 1514 Gallo
466 1451 588 1531 turpius
602 1454 651 1509 est
663 1448 743 1509 nihi]
757 1450 881 1531 Priapo.

734 1597 872 1663 XXXVI.

363 1728 415 1807 si,
436 1727 580 1805 Lucane,
599 1726 657 1787 tibi
671 1724 722 1787 vel
737 1728 762 1787 si
776 1729 851 1807 tihi,
875 1729 987 1809 Tulle,
1009 1729 1158 1793 darentur

404 1809 515 1889 Qualia
531 1808 647 1871 Ledaei
660 1811 724 1872 fato
737 1811 877 1873 Lacones
891 1815 1023 1894 habent,

361 1895 484 1958 Nobilis
497 1896 576 1956 haec
590 1901 675 1955 esset
687 1896 814 1976 pietatis
828 1899 893 1958 rixa
908 1899 1043 1978 dnobus,
1164 1936 1165 1940 =

404 1978 497 2057 Quod
509 1999 567 2060 pro
585 1979 683 2039 fratre
697 1981 776 2040 mori
790 1980 888 2042 vellet
899 1990 1032 2062 uterque
1047 1985 1149 2062 prior,

342 2065 496 2128 5lliceret
508 2063 647 2124 infernas
661 2069 695 2124 et
708 2065 760 2143 qni
773 2067 862 2143 prior
878 2068 954 2128 isset
970 2067 1008 2126 ad
1021 2067 1158 2126 umbras:

404 2149 506 2229 „Vive
521 2155 592 2228 tuo,
612 2147 727 2227 frater,
745 2154 903 2230 tempore,
924 2152 992 2212 vive
1005 2149 1107 2213 meo.“

729 2296 881 2360 XXXVII.
983 2342 987 2353 .

366 2412 500 2477 Ventris
515 2427 592 2469 onna
605 2409 736 2488 misero,
757 2428 815 2471 nec
830 2416 862 2471 te
876 2411 990 2492 pudet,
1012 2394 1128 2494 elcipis
1143 2429 1232 2488 auro,

404 2498 518 2572 Basse,
538 2494 619 2554 bibis
632 2494 729 2554 vitroz
752 2494 851 2555 carius
866 2514 940 2575 crgo
957 2516 1051 2558 cacas.
1198 2517 1204 2523 ·

724 2641 888 2705 xxxvio.
949 2700 968 2735 ,

362 2770 463 2847 Quem
478 2768 597 2829 recitas
605 2785 691 2828 meus
706 2767 771 2845 est,
789 2788 806 2828 o
821 2767 1004 2849 Fidentine,
1025 2767 1166 2830 libellus:

405 2853 471 2915 Sed
486 2850 568 2914 male
582 2872 650 2913 cum
666 2853 797 2930 recitas,
817 2854 928 2933 incipit
942 2873 1011 2914 esse
1025 2854 1117 2917 tuns.⁴

733 3001 870 3062 XXXlX.
893 3043 903 3051 -
970 3061 973 3065 .

363 3116 397 3178 Si
412 3117 482 3196 quis
496 3117 560 3177 erit
573 3135 661 3176 raros
677 3116 761 3176 inter
775 3115 981 3176 numerandus
997 3117 1124 3192 amicos,

404 3199 522 3278 Quales
536 3202 639 3281 prisca
655 3199 733 3260 fides
746 3199 888 3277 famaque
904 3201 989 3260 novit
1003 3218 1093 3275 anus,

363 3284 397 3346 si
411 3286 480 3364 quis
493 3285 664 3365 Cecropiae
678 3283 816 3345 madidus
829 3283 996 3365 Latiaeque
1008 3283 1167 3344 Minervae

404 3371 534 3453 Artibus
549 3375 582 3430 et
595 3387 668 3429 vera
682 3366 879 3448 simplicitate
895 3369 1009 3446 bonus,

352 3452 405 3514 ssi
421 3454 490 3533 quis
505 3455 567 3514 erit
581 3454 662 3513 recti
677 3459 795 3530 custos,
815 3452 944 3512 mirator
960 3452 1085 3511 honesti

406 3538 449 3598 Et
464 3536 543 3597 nihil
556 3556 667 3598 arcano
682 3537 734 3615 qui
749 3543 839 3613 roget
856 3556 911 3597 ore
926 3534 1018 3613 deos,

370 3620 402 3681 Si
417 3622 484 3699 qnis
499 3623 561 3683 erit
574 3640 702 3701 magnae
717 3622 862 3680 subnixus
877 3623 991 3681 robore
1005 3619 1134 3679 mentis:

408 3707 606 3787 blanoscum,
627 3707 655 3767 si
668 3725 731 3766 non
744 3705 795 3766 hic
810 3705 962 3767 Decianus
976 3705 1047 3766 erit.
1070 3785 1115 3828 Μ

1074 3827 1095 3852 fl
