3267 4409
538 429 881 522 unamumaou
895 461 969 524 aur
985 461 1033 523 111.
1262 465 1304 528 aa

645 699 649 703 -
737 663 831 723 XXII.

312 848 318 859 ,
344 776 501 856 Dederas,
522 777 630 856 Apici,
645 777 693 836 bis
708 776 902 836 trecentiens
921 779 1038 855 ventri,

343 864 385 925 Et
399 861 500 922 adhuc
518 867 683 941 supererat
697 862 838 920 centiens
853 863 912 919 tibi
925 860 1035 923 laxum,

344 948 412 1007 Hoc
429 952 465 1006 tu
479 952 621 1025 gravatus
636 950 671 1025 ut
685 945 798 1004 famem
813 951 846 1004 et
861 946 943 1005 sItim
957 947 1044 1008 ferre
1092 969 1095 973 ·

346 1031 468 1091 Summa
483 1049 636 1092 venenum
650 1030 777 1109 potione
791 1028 946 1108 perduxti.

327 1113 397 1177 sh'il
412 1120 478 1194 est,
500 1115 609 1195 Apici,
630 1114 688 1174 tibi
705 1112 840 1192 gulosius
855 1114 979 1173 factum.
1130 1154 1133 1158 ⁴

733 1247 839 1309 XXIII.

335 1363 455 1423 ·0mnia
471 1380 540 1438 cpm
554 1368 642 1420 retro
658 1363 764 1440 pueris
780 1364 907 1441 opsonia
922 1330 1041 1442 tradas,
1096 1435 1102 1444 ἱ

386 1448 450 1508 Gur
464 1465 528 1505 non
542 1463 648 1505 mensa
662 1444 719 1505 tibi
734 1449 860 1526 ponitur
876 1468 892 1506 a
906 1448 1060 1528 pedibus?

728 1579 837 1642 XXIV.

350 1693 417 1756 Vite
431 1709 549 1752 nocens
564 1710 636 1750 rosa
649 1693 749 1751 stabat
763 1692 931 1752 moriturus
946 1690 984 1752 ad
999 1714 1066 1754 aras

386 1778 521 1854 Hircus,
543 1772 684 1853 Bacche,
699 1768 768 1835 ''tuis
783 1777 906 1836 'victima
919 1784 1005 1855 grata
1018 1779 1106 1843 focis.

351 1861 442 1938 Quem
458 1860 580 1919 Tuscus
595 1864 730 1919 mactare
746 1859 804 1919 deo
822 1880 889 1920 cum
905 1861 1000 1921 vellet
1016 1863 1185 1946 haruspex,

385 1947 513 2005 Dixerat
528 1945 644 2022 agresti
659 1944 741 2004 farte
756 1943 889 2023 rudique
903 1946 984 2024 viro,

336 2030 389 2090 aUt
403 2031 465 2089 cito
480 2024 644 2090 testiculos
660 2035 692 2087 et
707 2034 794 2088 acuta
807 2029 889 2088 falce
906 2037 1043 2109 secaret,

385 2114 485 2174 'l'eter
500 2119 535 2173 ut
549 2111 722 2172 immundae
737 2115 838 2173 caruis
854 2117 954 2174 abiret
969 2112 1055 2176 ador.

352 2197 412 2278 Ipse
427 2216 523 2277 super
537 2197 654 2257 virides
670 2217 737 2257 aras
751 2194 901 2257 luctantia
918 2208 1034 2277 pronus

385 2284 463 2342 Dum
481 2286 606 2342 resecat
618 2279 719 2341 cult'ro
736 2279 816 2340 calla
832 2283 1008 2362 premitque
1023 2302 1129 2361 manu,

352 2365 454 2446 iugens
467 2367 557 2426 iratis
573 2367 714 2446 apparuit
727 2366 838 2425 hernia
853 2367 957 2427 sacris.

324 2457 348 2510 n
385 2451 523 2532 Occupat
538 2451 617 2510 hauc
635 2450 721 2510 ferro
735 2451 869 2510 rusticus
883 2457 975 2529 atque
990 2455 1091 2529 secat,

352 2534 412 2595 Iiac
425 2541 512 2594 ratus
527 2537 670 2614 antiquos
687 2554 844 2594 sacrorum
858 2553 990 2615 poscere
1004 2536 1083 2595 ritus

387 2620 515 2680 Talibus
532 2625 565 2680 et
578 2620 666 2680 fibris
682 2619 807 2678 numina
821 2620 921 2699 prisca
939 2619 1009 2680 coli.
1249 2678 1255 2689 ,

352 2701 396 2763 Sic
409 2702 501 2764 modo
518 2705 571 2783 qui
586 2698 706 2764 Tuscus
720 2704 843 2780 fueras,
864 2722 946 2762 nuuc
962 2701 1070 2764 Gallus
1082 2705 1252 2786 haruspex,

386 2788 464 2848 Dum
478 2788 597 2868 iugulas
611 2789 748 2866 hircum,
768 2788 868 2847 factus
883 2806 917 2847 es
932 2788 1000 2868 ipse
1015 2808 1117 2870 caper.

727 2935 824 2998 XXV.
889 2983 892 2987 ,

353 3051 381 3112 Si
394 3051 564 3132 temperari
577 3047 723 3111 balneum
737 3050 823 3130 cupis
838 3050 978 3131 terrens,

352 3134 509 3214 Faustiue,
533 3134 676 3214 quadrix
690 3132 824 3195 Iulianus
838 3135 986 3213 intraret,

351 3217 443 3302 Roga,
465 3219 604 3300 lavetur,
626 3220 787 3280 rhetorem
802 3218 993 3280 Sabinaeum.

351 3302 534 3368 Neronianas
548 3305 600 3364 hic
614 3305 782 3383 refrigerat
795 3304 944 3368 thermas.

727 3437 837 3499 XXVI.

353 3549 476 3617 Praedia
489 3556 574 3618 solus
589 3556 685 3615 habes
700 3560 733 3615 et
748 3553 848 3631 scius,
872 3509 1028 3630 Candide,
1048 3571 1202 3632 nummos,

388 3640 490 3702 eiures
502 3638 588 3702 solus
602 3641 715 3718 habes,
737 3639 874 3698 m'urriua
889 3636 971 3696 solus
986 3637 1098 3716 habes,

328 3718 479 3868 IIIhhmffl
493 3723 578 3788 salus
592 3726 688 3785 habes
703 3730 735 3784 et
751 3723 853 3804 Opimi
868 3722 1008 3783 Caecuba
1023 3721 1122 3800 solu,
