3267 4409
236 482 248 490 ¹·
326 450 397 540 lo:
649 473 694 534 M.
706 473 798 535 vau.
811 468 1036 534 minumus

387 627 452 688 aut
466 623 555 686 Gallo
571 624 718 703 Titioque
733 625 921 703 Caesioque,

409 710 525 788 Linges
539 727 602 768 non
616 709 708 786 milri,
722 741 764 750 -
778 727 847 767 nam
862 708 959 786 proba
974 712 1007 765 et
1016 704 1134 787 pusiIla
1149 712 1215 784 est,
1230 743 1272 752 -

409 792 473 853 Sed
489 810 566 871 quae
582 791 620 851 de
636 791 769 871 Solymis
783 792 869 850 venii
883 791 1018 870 perustis

408 878 584 937 Damnatam
597 875 687 936 modo
702 872 868 935 mentulam
881 873 1016 936 tributis.
1096 944 1099 949 Ι

804 1021 882 1083 LVI.

407 1139 500 1198 Astra
513 1134 677 1216 polumque
694 1135 745 1214 pia
758 1133 915 1214 percepsti
932 1137 1053 1211 mente,
1073 1133 1196 1214 Rabiri,

451 1219 644 1280 Parrhasiam
656 1220 732 1278 mira
748 1219 800 1296 qui
814 1217 908 1276 struis
925 1223 991 1277 arte
1007 1216 1139 1293 domum.
1236 1222 1240 1231 “

409 1303 557 1364 Phidiaco
573 1303 599 1362 ai
615 1302 707 1380 digna
720 1303 781 1362 Iovi
799 1300 873 1363 dare
889 1298 1005 1380 templa
1018 1303 1155 1381 parabit,

450 1387 514 1446 Has
528 1392 617 1468 petet
630 1407 647 1446 a
661 1391 768 1445 nostro
783 1384 855 1446 Pisa
870 1384 1012 1444 'sonante
1027 1404 1141 1447 manus.
1177 1383 1180 1389 ’

795 1531 886 1595 LVII.

410 1647 538 1706 Castora
553 1644 593 1705 de
606 1642 734 1704 Polluce
750 1645 880 1704 Gabinia
894 1644 969 1705 fecit
983 1643 1142 1706 Achillan:
1233 1720 1236 1726 .

449 1730 641 1809 Pyragathos
656 1729 774 1806 fuerat,
795 1747 877 1786 nnuc
892 1730 954 1789 erit
965 1729 1186 1811 Hippodamus.

791 1891 897 1954 LVIII.

410 2009 470 2067 Iam
488 2026 541 2068 sex
559 2014 610 2067 aut
625 2013 744 2088 septem
758 2009 906 2088 nupsisti,
930 2006 1037 2085 Galla,
1058 2008 1212 2091 cinaedis,

453 2093 530 2151 Dum
547 2099 678 2152 comate
693 2094 817 2152 nimium
832 2110 969 2171 pexaque
984 2093 1078 2152 barba
1092 2093 1185 2156 iuvat.

409 2175 531 2236 Deinde
545 2184 673 2257 experta
686 2176 767 2236 latus
780 2175 963 2253 madidoque
977 2174 1133 2237 slmillima
1145 2176 1217 2241 loro

451 2259 577 2337 Inguina
591 2280 649 2320 nee
662 2259 742 2320 lassa
756 2277 838 2320 stare
854 2265 957 2319 coacta
972 2278 1077 2338 manu,

388 2342 536 2402 5Deseris
550 2342 693 2404 imbelles
708 2343 857 2410 thalamos
871 2340 1057 2422 mollemque
1072 2347 1213 2406 maritum
1268 2360 1271 2365 ·

452 2425 569 2486 Rursus
585 2427 617 2487 et
631 2429 663 2487 iu
678 2426 794 2486 similes
810 2425 928 2486 decidis
943 2445 1039 2505 usque
1055 2432 1150 2492 toros.

411 2509 533 2584 Quaere
548 2510 680 2589 aliquem
697 2511 807 2571 Curios
822 2528 944 2589 semper
959 2511 1134 2590 Fabiosque
1150 2511 1318 2594 loquentem

453 2586 612 2653 Hirsulum
628 2601 661 2653 et
677 2594 753 2652 dura
766 2593 940 2654 rusticitate
954 2600 1084 2658 trucem.

410 2676 565 2736 Invenies:
588 2676 643 2737 sed
657 2678 751 2737 habet
767 2678 865 2736 tristIs
881 2697 1002 2756 qnoque
1018 2680 1109 2737 turba
1123 2679 1283 2743 cinaedos:

371 2769 405 2820 10
451 2759 588 2821 IlilficiIe
602 2767 651 2820 est
665 2779 738 2820 vero
754 2762 889 2839 nubere,
913 2761 1017 2840 Galla,
1039 2763 1115 2824 viro.

803 2908 881 2970 LIX.

408 3021 478 3082 Non
493 3028 583 3082 cenat
597 3024 664 3082 sine
679 3043 753 3103 apro
768 3015 896 3102 noster,
914 3018 1009 3100 Tite,
1027 3022 1232 3089 caecilianus.

452 3105 574 3167 Bellum
589 3107 743 3168 convivam
758 3106 951 3168 Caecilianus
964 3108 1066 3169 habet.

809 3255 874 3317 LX.

410 3367 564 3447 Tarpeiae
579 3366 755 3428 venerande
769 3374 874 3428 rector
889 3366 992 3444 aulae,

409 3451 505 3525 Quem
523 3451 606 3512 salvo
622 3451 699 3511 duce
715 3451 869 3513 credImus
885 3453 1073 3529 Tonantem,

409 3535 485 3594 Cum
498 3537 577 3595 votis
596 3536 655 3596 sibi
671 3536 800 3615 quisque
814 3542 847 3596 te
860 3536 971 3614 fatIget

408 3617 450 3676 Et
463 3626 570 3697 poscat
586 3619 676 3697 dare,
700 3639 777 3700 quae
793 3619 844 3679 dei
858 3620 1009 3699 potestis:

387 3700 463 3763 auu
475 3721 533 3782 pro
548 3722 595 3762 me
611 3704 703 3781 mihi,
723 3703 879 3783 Iuppiter,
899 3704 1021 3783 petcati
