3267 4409
377 480 382 489 .
503 422 509 427 ·
547 399 888 502 arroaarrararoo
901 440 974 504 ura.
989 442 1027 506 u.
1267 445 1309 511 41·

351 593 430 654 losse
444 584 504 653 tibi
517 595 604 651 tanta
618 573 724 654 caut-us
737 594 890 654 brevitate
907 593 1045 655 videris?

391 677 457 738 Hei
470 676 567 755 mihi,
590 696 680 754 quam
695 677 800 738 multis
816 679 861 738 sic
877 698 999 758 quoque
1013 678 1123 759 longua
1138 683 1218 743 eris!

769 813 804 874 Π.

350 923 448 984 Creta
462 921 549 984 dedit
564 942 721 1004 magnum,
743 927 839 987 maius
855 924 943 985 dedit
957 925 1062 986 Africa
1075 945 1206 1005 nomen,

392 1006 500 1086 Scipio
516 1007 599 1085 quod
612 1006 710 1069 victo'r
725 1009 869 1090 quodque
885 1009 1033 1070 Metellus
1046 1009 1156 1085 habet3

307 1132 312 1147 s·
347 1089 493 1151 Nobilius
508 1091 624 1152 domito
639 1095 748 1154 tribuit
763 1095 928 1155 Germania
941 1095 1066 1172 Rheno,

388 1173 433 1236 Et
446 1194 527 1256 puer
541 1177 601 1236 hoo
616 1176 725 1256 dignus
738 1181 880 1256 nomine,
903 1179 1035 1256 Caesar,
1057 1197 1135 1241 eras.

327 1259 639 1320 5Fruter1dumaeos
653 1264 766 1323 meruit
783 1283 851 1322 cum
867 1269 956 1342 patre
971 1263 1160 1342 triumphoS‚

391 1343 479 1420 Quae
494 1343 585 1404 datur
598 1363 637 1405 ex
651 1346 772 1406 Chattis
786 1346 911 1424 laurea,
934 1352 999 1406 tota
1011 1352 1065 1406 tua
1079 1353 1137 1409 est,

768 1480 817 1541 lll.

348 1590 465 1669 Sexte,
484 1576 564 1652 nihil
578 1592 690 1673 debes,
712 1593 885 1672 mideber,
908 1593 1017 1672 Sexte,
1038 1567 1180 1657 faternur.

388 1674 494 1736 Debet
508 1677 607 1756 enim,
629 1680 655 1738 si
672 1680 740 1758 quio
755 1677 894 1756 solvere,
917 1678 1025 1757 Sexte,
1046 1685 1161 1759 potest.

757 1813 808 1874 lv.

349 1920 376 1981 0
392 1921 482 2000 quadr
495 1920 626 1983 blandus
639 1943 690 2000 eo,
713 1924 889 1999 Ammiane,
910 1923 1017 1982 matri!

349 2005 447 2082 Quam
461 2000 577 2067 blanda
591 2014 640 2067 ert
653 2009 711 2067 tibi
724 2013 840 2085 mater,
862 2007 1036 2068 Ammiane!

346 2087 491 2172 Fratrem
504 2097 536 2173 te
551 2097 640 2151 vorat
652 2099 684 2152 et
700 2111 789 2150 soror
802 2097 937 2152 vocatur.

348 2173 479 2234 curvos
493 2175 618 2234 nomina
631 2177 782 2254 nequiora
795 2173 947 2253 tangunt?

323 2262 344 2317 '5
350 2257 453 2334 Quare
466 2277 530 2318 uon
543 2259 627 2319 iuvat
639 2260 699 2320 hoe
714 2258 796 2338 quod
811 2261 886 2319 estis
901 2257 993 2317 esse?

345 2341 460 2403 Lusum
474 2341 606 2403 creditis
619 2344 678 2403 hoo
693 2344 879 2423 iocumque?
904 2343 972 2402 Non
987 2347 1050 2401 est:

348 2424 500 2505 Matrem,
524 2446 602 2505 quae
616 2429 700 2507 cupit
715 2446 784 2487 esse
801 2446 834 2487 re
849 2445 1004 2504 sororem,

346 2509 411 2581 Neo
424 2515 557 2572 matrem
569 2513 652 2571 iuvat
664 2530 733 2572 esse
748 2530 806 2571 nec
822 2529 970 2571 sororem.

767 2646 807 2708 V.

347 2755 545 2835 Neruiorum,
568 2759 594 2818 si
607 2778 671 2818 non
683 2759 775 2836 totis,
796 2758 949 2834 Decime,
971 2755 1081 2818 diebus

387 2841 431 2901 Et
445 2847 547 2900 tecum
562 2845 637 2902 totis
651 2844 793 2902 noctibus
806 2860 875 2901 esse
888 2841 987 2902 velim.

351 2923 414 2985 Sed
428 2924 490 2984 duo
504 2932 576 2986 suut
590 2944 667 3005 quae
683 2946 739 2985 nos
753 2925 932 3004 disiungunt
947 2923 1031 2985 milia
1041 2942 1179 3004 passum:

390 3010 545 3084 Quattuor
559 3010 636 3069 haec
647 3011 738 3087 fiunt,
762 3018 830 3069 c'um
847 3009 1005 3070 rediturus
1018 3028 1093 3068 eam.

332 3090 453 3171 osaepe
467 3091 624 3153 dominon
636 3113 685 3172 es,
706 3114 772 3155 oum
786 3095 827 3153 sis
841 3113 979 3173 quoque,
999 3109 1091 3171 saepe
1103 3089 1242 3169 negaris:

388 3175 451 3239 Vel
467 3182 586 3237 tantum
605 3179 703 3238 causis
720 3175 770 3237 vel
787 3179 846 3237 tibi
864 3196 957 3258 saepe
976 3194 1073 3236 vacas.

351 3258 396 3320 Te
412 3267 518 3320 tamen
535 3266 569 3320 ut
585 3260 705 3321 videam
723 3259 783 3321 duo
802 3260 887 3321 milia
902 3281 964 3321 non
981 3260 1067 3339 piget
1083 3259 1147 3335 ire,

388 3345 432 3406 Ut
449 3351 484 3404 te
504 3344 709 3417 nonoideam·
723 3351 868 3426 quattuor
885 3346 932 3406 ire
948 3347 1044 3426 piget.

763 3479 814 3541 Vl.

351 3588 476 3669 iuuno,
498 3588 595 3653 edero
612 3609 662 3651 me
680 3592 752 3652 iube
767 3590 893 3652 libellos

354 3671 456 3735 Lectis
473 3675 523 3735 vix
540 3675 599 3737 tibi
615 3676 736 3756 paginis
753 3674 871 3737 duabus
