3267 4409
724 474 849 523 SATIRA
870 475 895 524 1.

295 615 430 693 Antiquis
452 632 506 674 una
527 614 680 674 comedunt
702 615 871 692 patrimonia
891 633 1001 676 mensa.

294 699 400 759 Nullus
421 701 476 757 iam
498 700 640 776 parasitus
662 699 727 757 erit.
758 698 819 758 Sed
842 701 906 778 quis
927 700 1002 759 lerat
1024 699 1095 760 istas
1131 736 1135 741 ·

295 782 439 843 Luxuriae
463 779 589 842 sordes?
610 790 715 860 quanta
738 791 783 841 est
805 783 889 859 gula,
912 801 986 862 quae
1009 783 1064 842 sibi
1086 793 1164 847 totos
1232 801 1282 855 140

297 867 380 927 Ponit
399 884 505 944 apros,
527 867 631 925 animal
651 875 776 944 propter,
794 868 928 926 convivia
947 867 1055 926 natum!

294 951 393 1011 Poena
415 959 510 1010 tamen
531 968 692 1027 praesens,
712 969 797 1029 quum
820 959 848 1009 tu
870 951 993 1028 deponis
1012 953 1131 1013 amiotus

295 1034 438 1112 Turgidus
461 1042 489 1092 et
512 1034 629 1093 crudum
649 1051 791 1111 pavonem
812 1036 842 1092 in
864 1034 968 1095 balnea
984 1044 1094 1112 portas.

294 1118 368 1178 Hinc
391 1118 503 1178 subitae
526 1126 634 1176 mortes
658 1126 743 1196 atque
766 1119 900 1178 intestata
923 1129 1073 1187 senectus:

294 1201 334 1262 Et
354 1220 429 1262 nova
450 1219 506 1260 nec
528 1202 617 1261 tristis
641 1218 695 1280 por
718 1211 837 1262 cunctas
858 1201 954 1263 fabula
974 1219 1084 1263 coenas

294 1286 416 1347 Ducitur
437 1287 516 1345 iratis
539 1285 732 1363 plaudendum
753 1288 837 1346 funus
860 1288 968 1346 amicis.

358 1369 405 1429 Nil
428 1371 482 1429 erit
501 1369 635 1445 ulterius,
658 1370 735 1448 quod
756 1371 864 1431 nostris
886 1370 1014 1430 moribus
1031 1371 1116 1433 addat

293 1455 468 1521 Posteritas;
493 1453 595 1513 eadem
612 1454 721 1515 facient
744 1457 918 1534 cupientque
941 1450 1078 1516 minores.

296 1537 388 1597 Omne
410 1538 437 1595 in
458 1537 612 1616 praecipiti
633 1539 732 1597 vitium
754 1540 847 1607 stetit:
870 1548 953 1598 utere
974 1539 1067 1614 velis,

295 1621 388 1682 Totos
410 1622 503 1698 pande
528 1619 621 1680 sinus!
655 1621 744 1681 Dicas
762 1621 810 1681 hic
833 1622 969 1682 forsitan:
991 1622 1074 1684 Unde

292 1705 442 1782 Ingenium
464 1723 517 1783 par
537 1703 695 1765 materiae?
718 1706 792 1765 unde
815 1706 865 1766 illa
885 1708 1012 1785 priorum

293 1789 449 1851 Scribendi
472 1789 673 1867 quodcumque
693 1790 949 1867 animo'llagrante
972 1790 1079 1851 liberet

293 1873 490 1950 Simplicitas,
513 1874 593 1932 cuius
613 1890 670 1932 non
693 1874 787 1934 audeo
809 1875 909 1934 dicere
931 1873 1059 1935 nomen?

294 1957 372 2032 Quid
392 1956 484 2016 refert
504 1957 589 2035 dictis
610 1957 743 2033 ignoscat
763 1957 875 2017 Mucius
898 1977 933 2017 an
951 1955 1030 2018 non?

287 2041 374 2121 ul‘one
397 2041 584 2116 Tigellinum:
607 2041 693 2101 taeda
716 2040 830 2101 lucebis
851 2044 879 2100 in
900 2040 966 2117 illa,

294 2125 359 2198 Qua
383 2134 491 2185 stantes
512 2124 631 2198 ardent,
653 2126 701 2202 qui
724 2124 782 2183 lixo
806 2134 929 2202 pectore
951 2126 1075 2202 fumant,

293 2208 332 2270 Et
353 2209 439 2269 latum
461 2208 555 2267 media
577 2207 687 2267 sulcum
710 2208 830 2268 deducis
852 2228 949 2269 arena.
971 2244 1014 2255 -

294 2292 351 2367 Qui
374 2293 451 2352 dedit
474 2309 546 2368 ergo
567 2291 659 2351 tribus
680 2293 789 2370 patruis
813 2294 943 2368 aconita,
964 2293 1085 2353 vehatur

293 2376 457 2437 Pensilibus
481 2376 583 2454 plumis
605 2385 691 2454 atque
713 2377 793 2435 illinc
815 2377 959 2455 despiciet
979 2375 1054 2436 nos?
1078 2411 1120 2426 -ι

295 2460 389 2535 Quum
406 2462 503 2520 veniet
526 2469 642 2536 contra,
667 2460 757 2537 digito
781 2478 938 2540 compesce
958 2460 1113 2522 labellum:

293 2544 459 2604 Accusator
480 2545 535 2604 erit
557 2547 604 2623 qui
626 2544 748 2603 uerbum
770 2545 890 2605 dixerit:
914 2545 961 2606 hic
984 2555 1038 2605 est.

294 2629 423 2688 Securus
442 2629 512 2687 licet
531 2627 652 2689 Aenean
681 2628 874 2706 Rutulumque
893 2630 1026 2690 ferocem

295 2709 479 2787 Committas,
498 2711 567 2771 nulli
588 2714 686 2789 gravis
708 2723 753 2772 est
774 2732 931 2792 percussus
953 2713 1086 2774 Achilles

295 2795 353 2855 Aut
372 2797 488 2855 multum
509 2799 658 2873 quaesitus
679 2797 769 2870 Hylas
791 2815 949 2874 urnamque
970 2806 1102 2866 secutus:
1194 2806 1197 2813 '

294 2880 374 2940 Ense
394 2880 474 2939 velut
496 2881 596 2939 stricto
617 2881 730 2957 quoties
750 2878 876 2939 Lucilius
899 2881 1005 2940 ardens
1033 2896 1035 2901 ’

293 2963 458 3047 Infremuit,
481 2964 566 3023 rubet
588 2963 717 3038 auditor,
742 2965 787 3022 cui
808 2962 914 3040 frigida
935 2981 1017 3022 mens
1038 2972 1084 3022 est

296 3046 484 3123 Criminibus,
507 3047 594 3106 tacita
617 3046 719 3106 sudant
737 3047 912 3124 praecordia
938 3048 1033 3125 culpa.

293 3131 365 3191 Inde
387 3133 448 3191 irae
472 3140 501 3191 et
523 3131 670 3190 lacrimae.
712 3128 820 3189 'lecum
842 3131 922 3208 prius
940 3139 1017 3208 ‘erga
1037 3130 1135 3191 voluta

293 3215 376 3275 Haec
400 3217 492 3275 anime
516 3224 581 3274 ante
600 3214 700 3283 tubas:
723 3214 869 3290 galeatum
892 3231 960 3274 sero
985 3214 1074 3274 duelli

292 3300 437 3360 Paenitet.
453 3332 495 3346 —-
515 3297 677 3377 Experiar,
704 3297 772 3376 quid
795 3299 972 3359 concedatur
991 3299 1019 3357 in
1043 3298 1128 3376 illos,
1208 3351 1211 3356 Α

295 3383 424 3458 Quorum
445 3381 583 3444 Flaminia
603 3383 712 3459 tegitur
735 3382 806 3442 ciuis
828 3390 915 3462 atque
935 3381 1044 3444 Latina.
1152 3434 1156 3439 .

695 3608 876 3620 ‚-..-—-—-
