3267 4409
282 985 286 994 ¹
576 851 1028 969 nuannaanlns

320 1018 371 1068 ¹
488 1062 1117 1211 urrorlnulrou

672 1289 679 1298 ’
714 1263 885 1324 busun.

787 1465 801 1522 l

361 1552 508 1645 Barbara
522 1579 714 1662 pyramidum
729 1578 821 1640 sileat
835 1580 982 1641 miracula
996 1582 1168 1665 Memphis,

404 1667 555 1746 Assyrius
568 1667 664 1725 iactet
677 1683 736 1724 nec
751 1663 909 1743 Babylona
921 1664 1040 1741 labor*;.

361 1752 429 1813 Nec
444 1751 572 1810 Triviae
588 1748 703 1829 templo
720 1747 832 1808 molles
846 1747 1013 1810 laudentur
1027 1752 1132 1830 lones,

404 1832 588 1895 Dissimulet
602 1832 703 1892 Delon
718 1833 864 1892 cornibus
879 1853 931 1892 ara
944 1835 1108 1912 frequens3

334 1921 446 1983 5Aiere
460 1936 521 1978 nec
535 1937 630 1977 vacuo
644 1915 814 1997 pendentia
825 1916 985 1978 Mausolea

404 2001 564 2063 Laudibus
575 2000 746 2061 immodicis
762 2001 858 2060 Cares
872 2003 905 2061 in
919 2008 1000 2060 astra
1014 2002 1125 2061 ferunt.

363 2087 472 2147 Omnis
484 2086 638 2146 Caesareo
652 2083 736 2145 cedit
748 2083 838 2144 labor
852 2085 1104 2166 Amphitheatro,

406 2171 508 2232 Unum
516 2189 578 2249 pro
594 2170 712 2230 cunctis
724 2170 803 2227 fama
815 2167 961 2248 loquetur
976 2189 1060 2250 opus.

782 2302 817 2362 ll.

294 2491 300 2497 ,
361 2406 424 2483 llic
437 2423 492 2482 ubi
507 2419 648 2481 sidereus
660 2422 788 2501 propius
802 2418 887 2488 ridet
902 2428 984 2481 astra
998 2421 1134 2482 colossus

402 2507 446 2568 Et
461 2512 606 2565 crescunt
616 2505 872 2585 mediapegmuta
884 2503 967 2565 celsa
977 2507 1041 2584 via,

285 2606 287 2611 '
361 2589 516 2650 Invidiosa
527 2590 588 2648 feri
603 2589 763 2648 radiabant
778 2591 856 2648 atria
873 2591 956 2668 regis

403 2674 536 2752 Unaque
550 2674 610 2733 iam
622 2679 689 2733 toto
700 2673 801 2732 stabat
815 2675 848 2731 in
863 2676 940 2733 urbe
955 2673 1071 2737 domus

329 2767 350 2818 5
362 2758 424 2817 llic
437 2759 491 2816 ubi
505 2758 663 2837 conspicui
677 2756 865 2816 venerabilis
879 2758 1109 2838 Amphitheatri
1140 2784 1145 2789 ·

283 2824 293 2865 l
403 2841 546 2919 Erigitur
559 2840 672 2919 moles,
695 2847 800 2918 stagna
811 2841 945 2900 Neronis
960 2850 1058 2905 erant.

284 2938 285 2945 ’
361 2917 424 2984 llic
437 2925 490 2984 ubi
505 2925 650 2984 miramur
661 2922 779 2984 velocia
794 2943 922 2984 munera
935 2927 1089 3005 thermas,

284 2978 290 3041 A
374 3010 378 3018 '
402 3007 586 3068 Abstulerat
601 3009 721 3067 miseris
734 3014 819 3067 tecta
832 3011 981 3088 superbus
994 3029 1075 3088 ager.

284 3088 287 3123 ³
363 3089 493 3152 Claudia
505 3091 632 3151 diffusas
646 3093 698 3151 ubi
709 3093 848 3171 porticus
863 3091 998 3171 explicat
1008 3095 1146 3171 umbras,

284 3164 286 3193 ¹
326 3185 355 3236 10
403 3173 520 3235 Ultima
534 3195 606 3257 pars
619 3175 704 3234 aulae
717 3175 891 3235 deficientis
907 3183 982 3240 erat.

283 3260 292 3366 l
361 3258 496 3319 Reddita
509 3260 605 3320 Roma
619 3260 678 3319 sibi
691 3266 739 3318 est
754 3266 786 3319 et
798 3266 870 3318 sunt
880 3266 913 3319 te
927 3258 1086 3340 praeside,
1109 3259 1238 3340 Cacsar²

404 3341 544 3404 Deliciae
556 3342 681 3426 populi,
699 3362 776 3421 (puae
788 3344 913 3403 fuerant
927 3343 1051 3406 domini.

771 3479 819 3539 lIl.

361 3593 447 3670 Quae
462 3602 525 3654 tam
538 3596 674 3674 seposita
689 3603 752 3671 est,
775 3613 853 3673 quac
864 3613 939 3673 gens
950 3602 1011 3656 tam
1023 3597 1168 3676 barbara,
1190 3597 1313 3675 Caesar,
1361 3645 1364 3650 .

324 3759 395 3822 Mu
396 3679 451 3821 :lx
464 3697 523 3757 qua
537 3685 694 3758 spectator
704 3698 765 3738 non
779 3681 820 3737 sit
832 3680 863 3738 in
875 3681 953 3739 urbe
965 3681 1039 3742 tua?
1099 3769 1123 3834 ἱ
1287 3679 1290 3684 ’
