3267 4409
590 789 632 882 l.
658 785 804 881 Plllllll
830 785 982 880 illudi

352 1024 365 1048 .
459 951 1105 1066 stutendum

707 1172 868 1236 LIBER.

661 1443 916 1509 nnonocus:
1001 1526 1003 1531 ⁴

292 1558 362 1652 Nec
384 1584 469 1645 ionte
490 1583 570 1645 labra
591 1584 686 1662 prolui
708 1585 863 1660 caballino,

292 1673 357 1733 Nee
378 1671 406 1728 in
427 1667 538 1746 bicipiti
558 1670 719 1728 somniasse
741 1668 884 1728 Parnasso

293 1754 424 1827 Memini,
448 1761 478 1812 ut
499 1760 619 1829 repente
640 1753 683 1811 sic
706 1761 794 1830 poeta
817 1753 973 1830 prodirem.

293 1836 555 1913 Heliconiadasque
577 1835 773 1913 pallidamque
795 1835 919 1894 Pirenen
954 1911 955 1914 Ἴ

294 1923 356 1982 lllis
378 1920 508 1994 remitto,
531 1935 651 1998 quorum
677 1920 817 1995 imagines
843 1917 968 1977 lambunt

295 2004 429 2065 Hederae
455 2020 615 2081 sequaces:
639 2002 703 2080 ipse
728 2002 932 2079 semipaganus
1021 2068 1027 2083 ἱ

295 2088 342 2148 nd
366 2104 448 2145 sacra
471 2095 567 2145 vatum
594 2103 709 2146 carmen
735 2085 827 2144 adero
848 2093 991 2143 nostrum‘

297 2170 369 2244 Quis
391 2169 539 2248 expedivit
562 2169 687 2246 psittaco
710 2186 791 2228 sunm
815 2173 896 2246 χαῖρε

297 2255 452 2330 Picamqne
475 2252 573 2313 docuit
598 2252 689 2312 verba
709 2261 808 2311 nostra
831 2249 950 2310 conari?

297 2337 436 2414 Magister
462 2337 531 2395 artis
555 2338 710 2413 ingenique
732 2337 854 2412 largitor
945 2376 948 2380 ι

296 2420 422 2495 Venter,
444 2428 565 2496 negatas
591 2421 696 2479 artifex
719 2421 804 2498 sequi
826 2436 933 2487 voees3

297 2503 383 2577 Quod
406 2503 430 2561 si
452 2503 546 2562 dolosi
568 2520 637 2580 spes
659 2503 805 2580 refulgeat
828 2504 943 2578 nummi,

298 2585 412 2652 Corvos
434 2596 537 2664 poetas
560 2594 588 2645 et
610 2587 760 2664 poetridas
782 2589 864 2664 picas

246 2667 250 2677 ’
299 2667 425 2730 Cantare
449 2668 551 2729 credas
575 2669 747 2748 Pegaseium
772 2679 882 2729 nectar.

629 2956 952 3022 SATIRAI.

298 3067 328 3160 0
354 3116 437 3159 ouras
463 3097 622 3159 hominum!
649 3117 666 3159 o
692 3109 826 3179 quantum
849 3108 894 3159 est
916 3101 944 3158 in
966 3098 1055 3158 rebus
1077 3097 1175 3157 inane!

298 3183 370 3257 Quis
389 3183 470 3259 leget
491 3180 587 3242 haec?
600 3217 641 3228 -
660 3182 726 3245 Min'
750 3193 779 3244 tu
798 3183 875 3243 istud
898 3180 960 3242 ais?
983 3199 1067 3242 nemo
1090 3180 1209 3241 hercule
1221 3180 1227 3239 l
1240 3215 1282 3227 --

862 3264 978 3327 Nemo?
995 3299 1037 3312 -

297 3352 355 3412 Vei
381 3350 454 3424 duo,
478 3351 527 3414 vel
549 3368 700 3412 nemo.-
726 3350 824 3430 Turpe
850 3360 879 3410 et
901 3349 1081 3411 miserabile!
1097 3381 1138 3396 -
1164 3345 1282 3424 Quare‘l

298 3435 342 3495 Nc
371 3433 438 3492 milri
461 3433 632 3510 Polydamas
656 3442 685 3494 et
710 3434 851 3494 Troiades
874 3433 1039 3494 Labeonem

298 3515 510 3580 Praetulerint‘?
537 3518 645 3595 nugae!
669 3535 743 3594 non,
767 3519 791 3578 si
815 3517 882 3596 quid
901 3516 1012 3577 turbida
1034 3515 1125 3576 Roma
1265 3524 1282 3573 5

298 3601 422 3676 Elevet,
445 3600 586 3678 accedas,
611 3620 771 3663 examenre
795 3601 955 3681 improbum
977 3602 1005 3659 in
1027 3600 1077 3659 ilia

342 3707 419 3745 anas.
437 3706 502 3746 surr
1065 3687 1076 3742 i
