3267 4409
697 476 822 527 statut
838 478 914 527 Vlll.
1245 473 1285 534 57

293 614 399 697 ¹Solent
421 614 555 697 Eponam
577 624 606 677 et
628 615 719 676 iacies
743 615 819 676 olisla
843 616 879 677 atl
901 617 1055 697 praesepia
1078 619 1182 699 plotus.

298 704 357 766 sno
380 720 471 783 quum
493 699 652 780 pervigiles
674 700 771 779 placet
795 701 953 761 instaurare
974 704 1110 781 popinas,

299 786 414 849 onnus
438 783 555 845 assiduo
580 784 795 863 {Syrophoenix
818 783 890 843 udus
912 802 1024 845 amomo

252 848 253 893 ¹
298 868 415 945 (lurrlt,
437 866 602 947 Idumaeae]
625 868 830 946 Syrophoenix
851 869 947 929 incola
967 877 1069 948 portae
1235 884 1287 939 160

296 952 431 1035 Hospitis
455 952 560 1013 alieetn
584 951 726 1011 dominnm
749 968 908 1029 regemque
930 952 1045 1030 salutat,

297 1036 335 1101 Et
358 1035 546 1099 camoenali
570 1031 669 1111 Cyane
691 1037 838 1096 succincta
861 1036 974 1112 lagona.

298 1120 452 1183 Defensor
473 1116 577 1197 eulpae
601 1118 678 1179 dicet
701 1119 782 1179 mihi:
806 1118 939 1179 Fecimus
962 1129 992 1180 et
1013 1136 1067 1180 nos

298 1204 380 1267 llaec
394 1202 785 1271 iuuenes.-llsto;ulesiutl
808 1221 929 1281 nempe,
955 1222 1010 1265 nec
1031 1204 1105 1264 ultra

298 1287 412 1352 invisat
436 1302 576 1347 errorem.
611 1286 704 1347 Breve
727 1288 778 1362 sit,
800 1286 877 1365 quod
900 1289 1022 1366 turpiter
1042 1288 1147 1357 audes:
1233 1301 1284 1355 165

299 1370 451 1447 Quaedam
475 1388 538 1431 cum
561 1372 650 1449 prima
671 1379 843 1431 resecentur
864 1372 980 1431 crimina
1003 1370 1108 1441 harba;

297 1454 423 1533 lnslulge
444 1457 557 1515 reniam
576 1455 691 1532 pueris:
715 1452 872 1515 lateranus
892 1456 927 1515 ul
950 1455 1018 1514 illos

298 1538 489 1602 Thermarum
515 1538 624 1598 calices
649 1538 845 1617 inscriptaque
867 1538 954 1598 lintea
976 1539 1055 1600 vadit

296 1622 429 1685 laturos
455 1620 535 1681 hello
557 1621 710 1682 Armeniae
732 1624 891 1701 Syriaeque
913 1623 1025 1683 tuendis

297 1706 443 1769 Amnihns
467 1714 495 1765 et
518 1704 620 1765 llheno
645 1715 731 1783 atque
752 1705 843 1773 lstro;
872 1716 1023 1784 praestare
1043 1705 1191 1769 Neronem
1234 1718 1284 1773 lto

296 1792 443 1854 Securum
461 1788 540 1849 valet
560 1788 632 1849 haec
650 1799 739 1849 aetas.
772 1790 853 1851 llitte
877 1790 974 1867 ostia,
999 1789 1119 1868 Caesar,

295 1874 398 1949 litte,
422 1872 523 1933 sedin
544 1890 645 1950 magna
667 1874 793 1950 legatum
814 1892 923 1953 quracre
947 1877 1067 1953 popina;

295 1958 436 2022 lurenles
461 1956 558 2034 aliquo
582 1974 645 2017 cum
669 1975 846 2035 percussore
870 1960 1023 2033 iacentem,

294 2042 475 2106 Permixtum
500 2041 592 2100 nautis
616 2049 644 2101 et
668 2040 777 2100 iuribus
802 2059 837 2100 ao
857 2040 994 2117 fugitivis,

247 2138 260 2241 a
295 2127 380 2191 luter
402 2124 555 2185 earnilroes
577 2132 605 2183 et
627 2124 726 2186 fabros
746 2124 959 2202 sandapilarum

247 2232 258 2291 ς
296 2210 335 2273 ll't
354 2210 517 2287 resupinati
543 2211 688 2268 cessantia
710 2218 843 2286 tympana
862 2207 941 2285 galli.

246 2298 256 2373 l
295 2295 404 2375 Aequa
428 2291 466 2352 ihl
488 2291 624 2367 libertas,
650 2294 806 2353 communia
831 2291 952 2371 pocula,
977 2290 1071 2351 lectus

246 2386 256 2419 '²
296 2376 364 2440 Non
388 2376 463 2437 alius
485 2378 631 2453 cuiquam,
654 2393 709 2436 neo
731 2394 830 2435 mensa
852 2376 988 2436 remotior
1009 2375 1069 2435 ulli.

245 2440 250 2491 Ι
297 2460 377 2537 Quid
399 2460 492 2521 lacius
514 2459 601 2519 talem
623 2461 756 2531 sortitus,
780 2460 914 2535 Pontice,
936 2457 1071 2520 seruum?

245 2494 255 2565 t
296 2546 415 2624 Nempe
441 2544 469 2603 in
490 2542 620 2602 Lucanos
645 2552 692 2604 aut
716 2543 811 2604 Tusca
834 2544 980 2621 ergastula
1001 2545 1105 2610 mittas.
1234 2558 1284 2611 180

297 2630 335 2691 At
358 2645 433 2703 voss
457 2625 764 2709 Troiugenae‚·vobis
789 2630 939 2705 ignoscitis
964 2637 1009 2703 et,
1032 2646 1106 2707 quaa

297 2713 408 2793 'l'urpla
433 2711 568 2785 cerdoni‚
597 2711 726 2771 Volesos
747 2711 922 2790 Brutumque
944 2712 1098 2772 iacebunt.

339 2794 436 2871 Quid,
465 2797 489 2853 ai
511 2800 661 2873 numquam
684 2795 757 2855 asleo
781 2797 875 2856 localis
901 2795 1036 2872 adeoque
1058 2794 1198 2874 pudendis

297 2880 413 2945 lJtimnr
433 2879 590 2957 exemplis,
612 2888 720 2938 utnon
745 2880 845 2957 peiora
870 2874 1035 2956 supersint?

297 2964 487 3042 Consumptis
510 2962 613 3041 opibus
634 2980 752 3037 vocem,
776 2962 968 3040 Damasippo,
989 2960 1093 3020 locasti
1230 2970 1282 3023 185

296 3048 434 3131 Siparlo,
458 3045 614 3106 clamosum
640 3065 746 3123 ageres
767 3054 796 3105 ut
819 3046 940 3106 Phasma
955 3038 1076 3105 'Catulli

293 3130 472 3195 Laureolum
494 3131 583 3190 volox
606 3133 690 3191 etiam
713 3130 788 3189 hene
808 3128 946 3189 Lentulus
970 3129 1041 3205 egit,

293 3217 398 3280 lodice
421 3231 467 3272 me
489 3213 591 3291 dignus
612 3233 681 3274 vera
702 3232 800 3274 cruce.
834 3213 897 3273 Neo
919 3223 1013 3272 tamen
1034 3212 1089 3289 ipsi

293 3301 440 3381 ignoscas
464 3299 590 3375 populo:
613 3299 712 3377 populi
735 3298 814 3357 lrons
837 3297 937 3357 duurior
957 3297 1052 3371 huius,

295 3386 352 3460 Qui
377 3381 463 3442 sedet
486 3391 515 3440 et
538 3391 650 3460 spectat
673 3384 819 3441 triscurria
840 3381 1036 3459 patriciorum,
1231 3384 1281 3440 190

294 3465 472 3546 Planipedes
498 3466 575 3525 audit
595 3466 717 3541 Fabios,
741 3466 837 3525 ridere
856 3473 954 3542 potest
976 3463 1023 3541 qui

293 3552 510 3615 hamaucorum
534 3550 642 3627 alopas.
667 3548 780 3623 ¹Quanti
801 3566 853 3609 sua
875 3548 974 3607 lunera
996 3544 1129 3622 vendunt,

294 3636 372 3712 Quill
397 3630 508 3692 refert?
531 3633 657 3693 vendunt
678 3633 758 3693 nullo
781 3639 905 3708 cogente
927 3631 1055 3706 Nerone,

293 3720 359 3787 ileo
383 3716 516 3778 dubitant
536 3716 609 3778 celsi
630 3718 775 3797 praetoris
798 3716 927 3777 vendere
949 3715 1035 3776 ludis.
