3267 4409
711 498 917 547 PRAEFATIO.
1243 501 1309 549 xm

325 678 358 737 p.
372 654 435 717 317
450 655 537 737 quasi
553 654 691 713 divinans
705 673 779 733 prae
794 673 842 713 me
857 655 927 727 tuli,
945 674 1026 713 nunc
1043 654 1221 733 planissime
1239 676 1307 716 con-

325 740 476 799 firmatnm
497 738 670 811 videamus,
694 737 842 817 quidquid
864 738 905 797 ad
921 739 1020 798 Persii
1043 739 1173 799 salutem
1194 740 1309 799 facien·

326 822 400 883 dum
419 832 529 896 restet,
549 822 757 882 multominus
782 820 822 879 ad
844 823 940 880 critici
962 841 1053 901 quam
1075 822 1115 880 ad
1135 823 1310 902 interpretis

325 906 461 969 officium
485 905 649 985 pertinere.
691 905 855 984 Interpreti
874 906 954 965 enim
979 924 1072 984 quum
1094 906 1208 965 multae
1230 907 1310 968 aliae

325 990 542 1062 difficultates,
565 1007 644 1069 quae
668 987 775 1047 Persio
796 1008 864 1047 cum
884 988 994 1049 ceteris
1017 1008 1092 1049 suae
1112 991 1221 1049 aetatis
1238 994 1309 1050 scri-

325 1072 464 1154 ptoribus
487 1080 518 1133 et
535 1073 635 1152 poetis
658 1091 829 1131 communes
851 1081 935 1144 sunt,
955 1080 1019 1130 tum
1041 1073 1119 1132 haec
1145 1074 1309 1152 peculiaris

325 1156 478 1237 objicitur,
487 1157 572 1233 cujus
581 1155 664 1214 haud
675 1154 738 1215 scio
755 1174 795 1213 an
805 1175 898 1214 unum
905 1155 983 1213 iuter
990 1165 1112 1215 veteres
1119 1157 1310 1217 Heraclitum

324 1240 495 1319 Ephesium
509 1232 561 1299 τὸν
577 1228 726 1297 σκοτεινὸν
740 1238 927 1317 appellatum
938 1238 991 1297 ille
1006 1240 1157 1299 aemulum
1170 1240 1313 1300 habuerit

326 1322 380 1401 (ci.
397 1322 523 1383 Aristot.
538 1322 663 1383 Rhetor.
679 1322 737 1380 111.
750 1320 779 1379 5.
794 1322 822 1394 6,
835 1322 954 1382 Theon.
966 1322 1131 1401 Progymn.
1150 1322 1187 1381 14
1203 1332 1229 1392 s.
1248 1323 1309 1402 18),

325 1416 360 1467 ut
379 1408 494 1487 passim
511 1405 636 1485 ancipiti
659 1414 690 1465 et
711 1405 840 1465 obscura
856 1406 1099 1485 interpunctione
1119 1406 1252 1482 laboret3
1279 1409 1310 1466 in

326 1490 433 1551 critica
447 1510 521 1551 vero
537 1488 704 1549 factitando
720 1490 935 1566 conjectariam
950 1508 1038 1567 opem
1053 1490 1107 1548 vix
1121 1509 1198 1549 unus
1218 1492 1308 1550 alter·

325 1592 387 1655 que
404 1574 490 1643 locus
506 1571 668 1643 desiderat,
684 1571 715 1630 in
729 1572 892 1631 lectionum
909 1580 1010 1631 autem
1025 1574 1186 1648 varietate,
1202 1576 1310 1655 siquis

325 1676 403 1717 sana
420 1665 450 1717 et
464 1658 638 1735 incorrupta
648 1654 699 1713 via
710 1654 841 1727 incedat,
858 1666 920 1714 tam
930 1675 1000 1715 raro
1016 1656 1165 1732 haerebit,
1172 1666 1206 1717 ut
1221 1678 1311 1739 quum

325 1749 399 1801 ante
421 1740 477 1800 hos
499 1738 659 1799 duodecim
686 1758 781 1797 annos
807 1757 864 1816 ego
886 1739 1080 1820 Jahniusque
1107 1761 1162 1800 suo
1182 1751 1310 1820 uterque

320 1822 441 1903 judicio
458 1822 553 1883 verba
569 1831 679 1903 poetae
701 1822 864 1882 emendare
881 1824 1019 1901 aggressi
1039 1843 1187 1898 essemus,
1202 1825 1276 1883 licet
1291 1844 1309 1882 a

325 1906 540 1967 diversissimis
560 1905 717 1985 principiis
740 1906 869 1985 profecti
894 1907 1160 1987 instrumentisque
1185 1926 1308 1986 prorsus

325 1990 396 2051 aliis
424 1989 472 2049 usi
497 1989 528 2049 in
551 1989 705 2069 plerisque
733 1988 773 2047 ad
795 1987 918 2048 easdem
937 1988 1085 2048 lectiones
1113 1989 1308 2062 deferremnr,

324 2080 537 2145 runcantem,
556 2081 716 2152 postquam
732 2081 762 2132 et
782 2071 895 2131 Jahnio
909 2072 942 2132 in
963 2072 1095 2133 editione
1112 2073 1227 2134 minore
1241 2094 1310 2134 mea

326 2166 358 2219 ct
378 2156 452 2215 milri
475 2156 631 2215 Jahniana
650 2154 784 2216 subsidia
800 2166 922 2235 praesto
937 2156 1071 2229 fuerunt,
1087 2156 1198 2236 oppido
1218 2159 1310 2237 pauci

326 2250 359 2301 et
369 2239 477 2299 minuti
488 2238 548 2299 loci
558 2248 688 2311 restent,
704 2240 736 2297 in
751 2239 860 2319 quibus
871 2239 942 2297 mihi
954 2240 992 2298 ab
1006 2239 1059 2299 illo
1072 2238 1310 2300 dissentiendum

325 2326 427 2383 visum
448 2323 495 2382 sit.
532 2323 650 2381 Horum
674 2322 765 2400 igitur
789 2323 1014 2383 enumeratione
1037 2323 1107 2382 huic
1127 2324 1310 2402 praefationi

325 2408 420 2467 linem
433 2405 598 2485 imponam,
620 2407 663 2464 ita
680 2414 795 2478 tamen,
812 2415 859 2477 ut,
875 2426 914 2465 ne
932 2407 998 2486 quis
1012 2426 1061 2467 me
1076 2418 1310 2469 commentorum

325 2510 463 2551 meorum
479 2489 663 2549 tenaciorem
679 2509 747 2550 esse
763 2491 929 2562 existimet,
948 2490 1036 2549 simul
1052 2511 1104 2551 eos
1119 2491 1310 2565 admisceam,

325 2574 359 2635 in
375 2572 485 2655 quibus
501 2592 582 2633 nunc
597 2572 662 2652 ipse
684 2572 798 2632 Jahnio
817 2582 942 2634 auctore
964 2574 1003 2633 ab
1023 2575 1076 2649 iis,
1101 2595 1180 2656 quae
1200 2577 1233 2636 in
1252 2577 1310 2637 Le·

327 2656 479 2719 ottonibus
493 2656 649 2716 Persianis
665 2677 891 2736 proposueram,
909 2657 1046 2717 discessi.

412 2739 495 2801 Prol.
508 2741 526 2799 4
537 2743 731 2799 Heliconiadar
745 2741 832 2801 Lect.
847 2741 904 2813 III,
916 2761 947 2820 p.
965 2738 993 2813 2,
1007 2744 1185 2800 Heliconidaa
1199 2742 1223 2802 J
1223 2744 1308 2818 ahn.;

326 2822 404 2887 mihi
416 2832 508 2903 poeta
525 2824 678 2903 epicorum
692 2843 833 2884 numeros
851 2824 1018 2902 dactylicos
1034 2826 1208 2903 respexisse
1224 2826 1308 2885 vide-

325 2918 387 2969 tur.
407 2940 449 2951 -
462 2908 501 2967 V.
518 2906 536 2967 9
554 2912 701 2981 picemque
716 2916 747 2967 et
766 2905 804 2965 12
824 2911 960 2983 refulqeat
979 2927 1005 2966 c.
1021 2906 1152 2984 Jahni03
1175 2908 1247 2967 olim
1261 2916 1309 2983 pi-

325 3008 431 3067 cesque
447 2999 478 3052 et
492 2992 641 3065 mfishers‘t.
665 3024 706 3035 -
728 2990 792 3050 Sat.
808 2992 834 3049 I.
857 2992 875 3051 6
897 3007 1045 3050 mamonae
1059 2991 1145 3050 Lect.
1164 2990 1206 3064 H,
1227 3013 1257 3071 p.
1280 2990 1308 3066 8,

325 3092 500 3151 mamque
513 3074 608 3134 Jahn.
626 3108 667 3118 —
683 3075 722 3134 V.
744 3072 763 3134 8
781 3078 819 3132 aa
834 3094 860 3133 c.
876 3074 1006 3151 Jahni03
1030 3074 1101 3134 olim
1114 3084 1152 3133 at.
1174 3107 1216 3118 -
1235 3075 1274 3134 V.
1290 3075 1309 3135 9

326 3168 402 3225 mc,
415 3178 477 3219 non
490 3166 554 3231 ran,
568 3167 691 3239 propter
706 3160 897 3239 sequentium
910 3158 1181 3238 interpunctionem
1198 3158 1310 3218 dudum

326 3262 346 3303 a
363 3262 413 3303 me
430 3241 676 3315 commendatam,
688 3242 740 3301 ubi
755 3263 784 3301 v.
803 3242 837 3301 ll
855 3251 921 3301 tuac
936 3243 1031 3302 nostri
1047 3243 1239 3322 epanalepsis
1255 3252 1309 3302 est.

325 3360 369 3371 -
383 3326 423 3385 V.
440 3324 478 3385 14
495 3330 568 3401 quod
581 3326 706 3402 retinui;
724 3326 856 3385 Jahnius
872 3346 941 3401 qaae,
964 3325 1046 3406 quod
1064 3327 1224 3386 manifesto
1246 3348 1310 3387 cor-

324 3409 440 3471 rectori
460 3408 602 3486 debetur3
625 3429 798 3490 quanquam
817 3411 900 3469 hunc
916 3418 1042 3471 excusat
1057 3410 1149 3470 lectio
1167 3432 1197 3470 v.
1219 3409 1257 3470 17
1274 3412 1311 3471 ab

326 3514 364 3555 eo
379 3511 453 3553 rece
474 3500 507 3552 ta
521 3498 600 3569 lepre,
615 3493 668 3553 ubi
683 3515 736 3554 cur
752 3514 808 3571 ogo
825 3499 916 3569 tepens
931 3493 1126 3567 servaverim,
1144 3494 1209 3553 dixi
1224 3495 1312 3555 Lect.

325 3576 369 3651 11,
385 3596 416 3657 p.
435 3512 484 3636 d.
499 3610 541 3621 -
555 3577 594 3636 V.
607 3575 647 3636 32
662 3584 739 3637 urea
755 3598 780 3637 e.
796 3578 821 3636 J
820 3577 927 3654 ahni03
945 3578 1017 3637 olim
1031 3582 1144 3637 arcam.
1159 3612 1201 3622 —
1216 3579 1254 3638 V.
1273 3578 1312 3639 66

326 3664 446 3737 diripat,
460 3679 522 3720 non
538 3664 658 3737 demat,
675 3682 742 3721 cum
760 3659 863 3721 Schol.
884 3670 914 3721 et
934 3661 1020 3721 libris
1042 3661 1190 3740 plurimis.
1210 3696 1252 3706 -
1273 3662 1311 3721 V.

328 3744 371 3805 74
386 3760 514 3821 quem...
525 3748 689 3804 &wewam
704 3746 789 3805 Lect.
805 3744 846 3818 H,
862 3766 893 3824 p.
916 3743 970 3821 20,
987 3754 1103 3804 vestem
1123 3744 1312 3805 dictatoriam

328 3832 495 3889 mmmm
510 3829 647 3909 appellat
655 3828 832 3891 etiamPlin.
847 3828 887 3888 N.
899 3829 980 3889 Hist.
996 3826 1114 3889 xvm.
1130 3826 1149 3887 3
1165 3836 1191 3897 s.
1204 3826 1254 3888 20.
1270 3862 1307 3873 -·
