3267 4409
675 458 800 509 sarton
822 461 898 509 xttt.

291 601 355 665 Nec
377 618 452 682 puer
472 596 594 675 Iliacus,
618 597 745 659 lormosa
768 618 824 659 nec
845 599 979 661 Herculis
999 619 1074 662 uxor

291 686 338 749 Ad
361 683 485 763 cyathos
507 692 537 745 et
558 684 612 743 ianr
636 686 745 744 siccato
769 694 889 745 nectare
911 694 1031 763 tergens
1310 730 1313 735 .

291 770 414 832 unctu
437 768 586 829 Vulcanus
607 766 746 847 Liparaea
770 770 851 845 nigra
871 769 1007 845 taberna,
1250 784 1284 837 45

292 852 456 917 Ptandebal
478 852 533 912 sibi
556 853 678 932 quisque
701 852 789 929 duos,
810 871 866 913 nec
887 853 970 914 turba
992 854 1111 915 deornm

293 937 374 999 Talis
396 946 426 998 nt
449 946 494 997 est
508 936 620 1015 bodie,
644 946 838 1015 contentaque
860 938 958 998 sidem
979 940 1079 1016 paucis

292 1020 462 1083 Numinibus
483 1022 618 1081 miserum
643 1020 784 1097 urgebant
804 1022 918 1082 lltlanta
939 1022 1040 1082 minosi

292 1106 444 1173 Pondere;
467 1105 590 1165 nondum
609 1104 715 1183 aliquis
736 1108 856 1166 sortitus
878 1107 959 1167 triste
983 1106 1120 1185 proiundi

292 1190 448 1270 Imperium
471 1198 518 1249 aut
537 1188 635 1248 Sicula
655 1198 755 1248 torvus
778 1208 841 1249 curn
864 1192 988 1269 coniuge
1010 1191 1124 1268 Pluton,
1251 1208 1285 1259 50

293 1274 358 1336 Nec
379 1282 443 1335 rota
465 1290 521 1333 nec
544 1272 637 1332 iuriae
662 1290 718 1332 nec
741 1292 841 1334 saxum
863 1282 910 1334 aut
932 1274 1052 1336 rrrlturis
1074 1278 1132 1337 atri

292 1358 408 1434 Poena,
431 1357 483 1418 sed
504 1356 622 1416 ioiernls
644 1355 753 1415 hilares
775 1360 838 1417 sine
860 1357 980 1435 regibus
1001 1360 1130 1421 umbrae.

292 1440 468 1522 Improbltas
489 1440 540 1501 illo
563 1440 613 1501 luit
632 1440 808 1501 admirabilis
831 1459 916 1518 uero,

293 1524 463 1588 Credebant
486 1541 543 1602 qoo
565 1525 676 1602 grande
699 1524 781 1585 neias
803 1535 833 1585 et
854 1534 947 1585 morte
969 1528 1114 1607 piandum,

292 1610 324 1671 Si
348 1610 460 1669 iuvenis
480 1608 579 1669 vetulo
601 1625 663 1667 non·
680 1620 883 1670 assurrexerat
905 1618 935 1669 et
957 1613 981 1671 si
1254 1626 1288 1677 55

292 1692 421 1755 barbato
444 1692 613 1771 cuicumque
634 1710 721 1770 puer,
745 1693 814 1753 licet
837 1695 902 1773 ipsa
924 1696 1038 1758 videret

292 1778 381 1839 Plura
404 1776 481 1838 dorni
503 1776 585 1854 iraga
608 1786 638 1835 et
656 1778 781 1837 maiores
805 1778 921 1855 glandis
944 1798 1078 1841 acervos.

291 1862 365 1925 Iam
384 1859 556 1922 venerabile
579 1868 642 1920 erat
665 1862 848 1939 praecedere
869 1872 1004 1942 quattuor
1026 1867 1117 1941 annis,
1179 1906 1190 1935 .
1214 1868 1235 1903 ⁰

290 1946 446 2025 l'rlmsque
469 1962 523 2023 par
543 1945 618 2005 adeo
640 1963 742 2005 sacrae
763 1945 870 2022 lanugo
892 1950 1048 2010 senectae!

291 2029 394 2106 Nunc,
415 2030 441 2089 si
464 2030 626 2107 depositum
647 2046 704 2089 non
729 2030 865 2090 infitietur
887 2032 1006 2107 amicus,
1250 2043 1286 2097 60

292 2114 325 2175 st
350 2112 454 2175 reddat
475 2121 606 2174 veterem
628 2132 691 2173 conr
713 2122 772 2173 tota
795 2115 934 2191 aerugine
956 2115 1069 2193 lttllem,

291 2197 466 2275 Prodigiosa
489 2197 562 2257 lldes
585 2206 615 2258 et
638 2197 742 2258 Tuscis
765 2198 850 2275 digna
874 2198 992 2277 libellis,

292 2282 436 2361 Quaeque
460 2290 597 2342 coronata
619 2280 734 2346 lustrari
756 2281 863 2342 debeat
884 2300 968 2359 agna.

291 2364 452 2445 Egregium
473 2375 660 2444 sanctumque
681 2367 773 2427 virum
797 2367 820 2425 si
843 2383 950 2442 cerno,
973 2366 1125 2428 bimembri

291 2450 358 2511 Iloc
379 2458 535 2511 monstrum
560 2468 651 2528 puero
671 2450 719 2510 rel
741 2450 876 2512 mtrandis
899 2451 952 2511 sub
971 2460 1066 2513 aratro
1252 2463 1286 2515 65

292 2533 428 2596 Piscibus
446 2535 570 2594 inventis
587 2543 616 2594 et
635 2535 713 2596 letae
736 2551 875 2612 comparo
897 2536 1004 2613 mulae,

292 2618 463 2694 Sollicitus,
487 2627 630 2696 tamquam
651 2618 764 2696 lapides
785 2619 920 2680 elluderib
939 2621 1032 2681 imber

292 2702 484 2782 Examenqoe
508 2704 602 2781 apium
626 2703 713 2779 longa
737 2704 905 2765 consederit
926 2724 981 2765 uva

294 2786 427 2849 Culmine
450 2786 579 2862 delubri,
602 2788 744 2866 tamquam
767 2788 794 2846 in
816 2805 895 2849 mare
919 2790 1034 2850 lluxerit
1056 2788 1145 2847 amnis

293 2869 462 2949 Gurgitibus
484 2872 564 2931 miris
587 2879 615 2931 et
638 2872 722 2932 lactis
744 2873 858 2932 vertice
880 2882 1005 2933 torrens.
1252 2879 1286 2933 to

336 2954 504 3031 Intercepta
527 2956 630 3016 decern
652 2957 785 3035 quereris
805 2960 941 3018 sestertia
956 2957 1081 3017 iraude·

292 3036 470 3116 Sacrilegal
494 3041 607 3118 quidsi
631 3041 673 3099 bis
700 3050 813 3101 centum
838 3043 963 3120 perdidit
985 3042 1065 3103 alter-

291 3122 358 3185 lloc
381 3140 487 3184 arcana
509 3122 616 3184 modo?
637 3126 775 3185 maiorem
797 3128 900 3186 tertius
922 3127 972 3187 illa

292 3210 456 3281 Summam,
478 3226 563 3287 quam
584 3209 699 3287 patulae
718 3212 769 3270 vix
792 3211 1056 3289 ceperatangulos
1078 3205 1187 3270 arcae?

293 3292 364 3354 Tam
388 3291 476 3351 lacile
499 3301 527 3351 et
548 3310 669 3370 pronum
692 3302 736 3353 est
760 3312 885 3372 superos
908 3304 1097 3355 contemnere
1119 3302 1223 3367 testes,
1251 3297 1286 3354 ib

292 3378 326 3439 Si
345 3375 478 3436 mortalis
496 3376 572 3436 idem
595 3395 681 3437 nemo
702 3378 788 3439 sciat!
811 3377 942 3456 Aspice,
967 3387 1071 3457 quanta

290 3461 378 3522 Voce
398 3468 506 3536 neget,
527 3478 602 3539 quae
625 3463 661 3521 sit
684 3463 742 3522 ircti
764 3463 926 3523 constantia
947 3456 1061 3522 vultus:

290 3546 351 3607 Per
373 3542 454 3603 Solis
474 3544 572 3604 radios
596 3544 781 3624 Tarpeiaque
804 3545 920 3605 lulmina
936 3548 1010 3605 iurat

290 3628 329 3691 tm
349 3626 453 3689 steros
475 3627 612 3689 irameam
636 3638 665 3689 et
684 3628 816 3692 Cirrhaei
838 3628 949 3707 spicula
971 3629 1064 3703 ratis,

289 3713 349 3777 l’er
373 3709 502 3773 calamos
521 3714 679 3775 venatricis
701 3714 924 3794 pharetramque
947 3711 1075 3793 puellae,
1251 3721 1287 3774 80
