3267 4409
526 398 867 510 miommumuo's
883 444 957 507 um.
976 445 1055 509 vm.
1247 443 1308 509 lea

720 647 857 708 XXXIII.

338 768 394 829 De
408 763 601 847 praetoricia
615 758 725 823 folium
738 760 831 840 mibi,
851 758 965 840 Paule,
988 779 1102 821 corona

386 849 493 912 Mittis
509 854 542 909 et
554 848 615 907 hoc
628 842 751 928 phialae
766 864 879 905 nomeu
892 846 1009 917 habere
1024 846 1123 908 iubes.

338 935 413 997 Huc
427 934 534 995 fuerat
545 949 646 1012 nuper
660 928 773 990 nebula
787 931 846 990 tibi
860 949 970 1010 pegma
983 937 1182 1011 perunctum,

388 1015 514 1080 Pallida
530 1036 621 1097 quam
634 1015 723 1075 rubri
738 1011 831 1074 diluit
844 1014 927 1074 unda
942 1016 1035 1075 croci.

317 1105 399 1169 ὁΔιι
411 1102 511 1181 magis
524 1101 619 1161 astuti
633 1096 743 1159 derasa
757 1104 807 1158 est
822 1117 924 1178 ungue
940 1100 1073 1159 ministri

387 1186 538 1265 Bractea,
559 1183 599 1244 de
614 1183 714 1245 iulcro
729 1201 820 1263 quam
834 1202 908 1243 reor
922 1202 991 1244 esse
1008 1183 1083 1245 tuo‘l

291 1332 295 1349 ,
342 1270 403 1335 IIIa
416 1274 526 1352 potest
538 1267 669 1330 culicem
682 1265 776 1346 louge
792 1269 910 1328 sentire
925 1268 1079 1329 voluntem

291 1402 295 1417 .
387 1357 432 1419 Et
446 1353 564 1415 minimi
578 1353 673 1433 pinna
686 1349 854 1433 papilionis
868 1353 925 1430 agi.

291 1454 296 1463 “
342 1441 487 1520 Exiguae
502 1436 613 1499 volitat
627 1455 776 1517 suspensa
788 1455 904 1516 vapore
918 1433 1067 1498 lucernae

303 1536 338 1591 to
386 1526 430 1585 Et
444 1521 561 1584 leviter
573 1521 644 1581 fuso
659 1521 811 1601 rumpitur
827 1521 888 1580 icta
902 1539 998 1580 mero.

291 1614 294 1631 '
342 1610 415 1671 Hoc
428 1604 541 1668 linitur
555 1612 647 1686 sputo
662 1605 728 1666 lani
742 1610 868 1684 caryota
882 1602 1046 1682 Kalendis,

389 1694 490 1770 Quam
502 1691 567 1752 fert
580 1709 649 1751 cum
664 1708 758 1769 parco
774 1688 918 1749 sordidus
932 1707 1000 1749 asse
1014 1687 1120 1752 cliens.

343 1778 449 1840 Lenta
461 1777 562 1836 miuus
578 1773 685 1853 gracili
701 1778 846 1834 crescunt
860 1772 1011 1833 colocasia
1024 1773 1095 1853 filo,

391 1858 495 1923 Plena
507 1859 604 1938 magis
617 1859 712 1921 nimio
726 1855 795 1917 lilia
808 1855 876 1918 solo
891 1857 1019 1917 oaduntr
1075 1867 1077 1872 ’

308 1946 413 2011 leec
427 1963 505 2024 vaga
517 1949 580 2004 tam
596 1943 682 2003 tenui
697 1940 845 2002 discurrit
860 1960 971 2002 aranea
985 1939 1066 2021 tela,

389 2030 471 2091 Tam
484 2027 556 2090 leve
570 2045 629 2087 nec
644 2027 775 2105 bombyx
788 2024 943 2107 pendulus
958 2032 1049 2104 urget
1064 2046 1150 2107 opus.

348 2116 495 2177 Crassior
507 2113 541 2173 in
555 2111 636 2172 facie
650 2109 772 2171 vetulae
788 2117 851 2171 stat
865 2117 952 2172 creta
964 2108 1128 2190 Fabullae,

389 2197 536 2265 Crassior
551 2196 689 2257 offensae
702 2193 787 2255 bulla
803 2197 948 2256 tumescit
962 2213 1076 2275 aquae3

346 2282 479 2345 Fortior
497 2287 529 2341 et
543 2286 643 2341 tortos
658 2285 760 2340 servat
774 2281 877 2340 vesica
891 2277 1022 2359 capillos

309 2374 344 2431 2⁰
387 2368 433 2428 Et
445 2370 544 2426 mutat
562 2363 665 2424 Latias
680 2383 786 2443 spuma
801 2364 1041 2427 Batavuacomas.

347 2452 417 2513 IIac
435 2455 507 2510 cute
520 2447 645 2508 Ledaeo
659 2449 793 2508 vestitur
805 2446 911 2529 pullus
924 2449 957 2508 in
972 2467 1046 2526 ovo,

390 2532 486 2611 Talia
498 2532 603 2611 lunata
617 2531 735 2612 splenia
749 2533 855 2592 fronte
870 2532 990 2595 sedent.

348 2617 435 2699 Quid
447 2619 508 2680 tibi
522 2637 589 2679 cum
603 2615 722 2698 phiala,
743 2614 871 2694 IIgulam
887 2636 954 2677 cum
969 2616 1094 2678 mittere
1106 2616 1224 2698 possis,

388 2704 526 2766 Mittere
541 2721 610 2762 cum
623 2700 723 2782 possis
737 2698 788 2769 vel
804 2701 967 2762 cochleare
982 2701 1080 2761 mihi?

313 2789 464 2868 abiegna
478 2787 568 2847 nimis
581 2783 753 2864 loquimur,
776 2783 1016 2848 cochleamcum
1030 2786 1156 2846 mittere
1173 2783 1288 2866 possis3

311 2950 318 2957 .
387 2873 537 2951 Denique
552 2889 620 2931 cum
634 2869 736 2950 possis
749 2869 893 2948 mittere,
916 2868 1028 2948 Paule,
1047 2869 1135 2933 nihil.

722 3037 861 3103 XXXIV.

344 3174 569 3253 Archetypum
581 3171 674 3252 Myos
689 3176 848 3250 argeutum
865 3176 897 3230 te
912 3168 989 3229 dicis
1003 3168 1130 3228 habere.

390 3256 488 3337 Quod
503 3258 570 3317 siue
585 3261 619 3316 te
634 3256 749 3315 factum
765 3261 830 3334 est,
853 3256 912 3314 hoc
927 3254 1022 3332 magia
1037 3252 1238 3331 archetypum
1252 3253 1309 3310 est.
1345 3289 1352 3300 ι

731 3410 857 3473 xxxv.
927 3376 931 3383 ’

340 3549 428 3610 cam
444 3542 514 3603 sitia
529 3538 646 3601 similes
660 3546 813 3619 paresque
829 3541 908 3616 vita,

338 3632 437 3695 Uxor
454 3627 604 3706 pessima,
623 3625 774 3704 pessimus
789 3624 933 3700 maritus,

339 3716 474 3791 Miror,
490 3730 553 3770 nou
567 3712 648 3769 bene
665 3709 830 3770 convenire
845 3707 940 3768 vobIs.
