3267 4409
537 355 961 487 urrumnnnronn'ra.
974 401 1025 465 rv.
1260 402 1302 468 ev

747 600 815 662 XV.

339 712 435 776 Mille
450 714 512 773 tibi
525 714 828 774 nummoshesterna
842 714 912 774 luce
926 716 1047 792 roganti
1162 706 1171 715 ”

382 798 419 858 ln
434 816 490 857 sex
504 802 558 857 aut
572 803 708 877 septem,
731 799 922 876 Caeciliane,
942 796 1026 876 dies,

340 882 394 960 „N
396 901 437 941 cn
450 882 576 942 habe0“
592 881 670 941 dixi:
691 880 748 941 sed
761 889 796 942 tu
810 889 949 942 causatus
965 883 1053 961 amici

381 964 560 1026 Adventum
573 963 694 1024 lancem
708 985 865 1045 paucaque
879 986 948 1026 vasa
961 985 1059 1043 rogas.

318 1048 463 1111 bstultus
478 1049 536 1108 es‘.²
558 1069 597 1109 an
611 1048 740 1109 stultum
753 1069 802 1109 me
819 1050 937 1127 credis,
961 1051 1079 1110 arnice‘.l
1098 1052 1206 1130 negavi

381 1131 477 1195 Mille
491 1134 551 1193 tibi
564 1152 719 1213 nummos,
741 1133 827 1194 milia
843 1136 977 1215 quinque
993 1132 1094 1194 dabo‘.l

691 1266 696 1275 ’
738 1267 819 1331 XVI.

342 1379 520 1458 Privignum
534 1398 598 1438 non
614 1396 684 1438 esse
698 1384 770 1439 tuae
784 1385 834 1458 te,
857 1376 962 1457 Galle,
983 1399 1135 1442 novercae

381 1464 500 1523 Rumor
516 1468 602 1541 erat,
624 1464 755 1522 coniunx
771 1461 842 1522 dnm
855 1463 916 1522 fnit
930 1461 984 1522 illa
997 1467 1104 1542 patris.

344 1546 412 1608 Non
425 1551 532 1606 tamen
545 1547 606 1606 hoc
621 1553 746 1626 poterat
758 1549 826 1607 vivo
844 1548 985 1625 genitore
998 1550 1133 1626 probari.

382 1632 445 1691 lam
459 1649 609 1709 nusquam
624 1637 715 1710 pater
730 1636 796 1709 est,
817 1629 924 1708 Galle,
947 1650 1079 1691 noverca
1094 1632 1177 1694 dorni
1191 1640 1251 1696 est.

328 1715 475 1792 illagnus
490 1717 529 1774 ab
546 1715 678 1774 inferuis
694 1722 859 1774 revocetur
875 1713 996 1774 Tullius
1011 1718 1127 1776 umbris

382 1799 424 1860 nt
440 1805 474 1859 te
489 1797 640 1860 defendat
656 1798 792 1878 Regulus
805 1800 874 1879 ipse
888 1797 982 1876 licet,

346 1882 410 1943 Nun
422 1889 514 1962 potes
529 1881 661 1943 absolvi:
683 1903 754 1943 nam
770 1902 848 1963 quae
863 1902 925 1942 non
942 1882 1058 1942 desinit
1072 1901 1141 1944 esse

383 1966 458 2027 l’ost
475 1974 615 2049 patrem,
635 1986 806 2047 nunquam,
830 1965 937 2046 Galle,
956 1984 1090 2044 noverca
1102 1967 1171 2030 fuit.

722 2100 820 2164 XVll.

348 2212 459 2273 Facere
474 2213 506 2272 in
522 2213 697 2292 Lyciscam,
715 2212 829 2293 Paule,
846 2235 895 2275 me
908 2217 997 2276 iubes
1011 2234 1134 2294 versus,

351 2298 459 2371 Quibus
473 2296 528 2357 illa
546 2297 638 2357 lectis
651 2299 761 2358 rubeat
776 2305 809 2358 et
823 2301 865 2359 sit
878 2301 965 2360 irata.

351 2381 495 2460 0Panle,
518 2380 614 2442 malus
630 2400 678 2443 es:
698 2383 851 2443 irrumare
865 2386 911 2444 vis
928 2383 1020 2448 sulus.
1088 2417 1091 2420 ·

728 2531 835 2594 XVlll.

353 2641 411 2718 Qua
425 2643 526 2703 vicina
539 2642 620 2724 pluit
634 2644 778 2724 Vipsanis
788 2649 884 2724 perta
898 2643 1047 2707 columnis

385 2726 424 2786 nt
438 2726 544 2787 madet
557 2727 678 2788 assiduo
692 2727 829 2788 lubricus
842 2729 942 2790 imbre
956 2729 1050 2810 lapis,

352 2809 379 2868 ln
395 2811 528 2890 iugulum
542 2813 650 2890 pueri,
673 2813 725 2892 qni
739 2812 862 2872 roscida
875 2818 958 2874 tecta
972 2816 1110 2893 subibat,

387 2893 507 2956 Decidit
519 2896 651 2956 hiberno
668 2898 845 2976 praegravis
860 2897 941 2958 unda
956 2898 1042 2976 gelu:

336 2977 481 3058 boumque
495 2980 671 3060 peregisset
683 2982 790 3041 miseri
806 2978 944 3041 crudelia
959 2983 1038 3060 fata,

389 3063 501 3124 Tabuit
515 3067 548 3124 in
565 3063 664 3124 calido
678 3063 807 3125 vnlnere
822 3085 928 3125 mucro
942 3071 1043 3127 tener.

354 3145 425 3222 Quid
436 3167 499 3207 non
514 3167 604 3208 saeva
618 3151 677 3208 sibi
691 3148 789 3209 voluit
802 3149 942 3210 Fortuna
956 3149 1076 3211 licere?

387 3233 446 3292 Aut
458 3234 512 3293 ubi
526 3252 589 3292 non
603 3252 685 3293 mors
701 3238 764 3312 est,
785 3234 812 3292 si
827 3233 970 3312 iugulatis
986 3232 1104 3314 aquae?

636 3350 923 3431 'xfx.,

355 3473 429 3538 llanc
440 3480 498 3539 tibi
515 3478 704 3558 Sequanicae
712 3481 863 3560 ,pinguem
879 3482 1018 3541 textricis
1033 3478 1199 3559 alumnam,

390 3563 469 3637 Quae
484 3562 760 3625 Lacedaemonium
775 3567 905 3625 barbara
918 3583 1029 3623 nornen
1046 3565 1157 3643 habet,

358 3641 493 3757 Surdida,
516 3646 573 3708 sed
587 3647 689 3728 gelido
703 3669 766 3710 non
782 3647 975 3732 aspernanda
991 3648 1156 3709 Decembri
