3267 4409
376 471 425 515 XX
759 462 970 514 PRAEFATIO.
984 484 987 489 ·

373 625 430 668 snm
440 614 547 677 metuat,
559 609 624 667 auid
637 608 817 666 lmrdamentnm
828 609 917 682 eligat,
937 607 1006 665 ouius
1015 606 1087 662 etiam
1097 606 1252 679 ronnptelae
1261 621 1352 665 meram

374 695 539 768 antiquitatem
549 695 649 766 sapiant,
660 709 706 749 nec
715 709 815 750 numero
827 695 923 750 illomm
932 707 978 748 nec
987 691 1088 747 blandae
1097 692 1188 763 speciei
1196 692 1301 749 concedi
1312 693 1353 749 de·

373 779 423 844 bet,
437 785 466 834 ut
474 779 591 851 singulari
602 779 674 834 huius
683 779 841 848 praestantiae
851 785 876 833 et
885 777 941 832 fidei
951 776 1107 846 praeferatur.
1136 775 1353 847 dtqniraraluue·

374 862 537 919 nalissortuna
551 864 641 919 lactum
660 869 708 927 est,
728 868 756 917 ut
766 864 786 917 is
799 863 891 926 codex,
906 875 977 932 quem
992 859 1072 914 solum
1081 858 1127 914 bac
1138 859 1289 931 integritatis
1297 867 1353 942 nota

375 947 493 1002 excellere
502 948 566 1015 diui,
585 964 616 1002 ex
625 947 730 1001 Budensi
741 947 854 1002 Matthiae
865 945 960 1001 Coruini
976 942 1122 999 bibliotheca
1138 943 1252 1000 sublatus
1260 950 1354 1001 mahrre

281 1078 287 1093 ,
374 1030 576 1086 inPetriPithoei
591 1031 833 1100 mauusperueniret,
852 1030 893 1101 qni
909 1028 1015 1084 eiusdem
1033 1042 1080 1098 ope
1095 1027 1353 1085 ineditioneParbim
1393 1026 1395 1037 '

375 1119 443 1172 1585
459 1121 545 1184 poetae
560 1116 631 1170 uerba
649 1115 682 1170 ita
698 1115 834 1179 recensuit,
850 1120 878 1169 ut
898 1113 970 1168 huius
991 1111 1139 1167 recensionis
1158 1113 1294 1167 auctoritas
1313 1128 1354 1185 pn

375 1199 491 1254 ducentos
507 1201 608 1270 amplius
626 1199 766 1254 annosiore
783 1199 835 1254 sola
851 1199 876 1252 iu
886 1196 996 1252 iuvenale
1011 1202 1125 1268 regnaret
1138 1210 1246 1268 cumque
1255 1196 1354 1253 interris

374 1282 471 1338 dotibus
480 1284 551 1339 etiam
562 1285 681 1355 vulgatae,
692 1298 753 1354 quae
763 1283 863 1347 dicitur,
874 1282 941 1336 uelut
953 1280 1165 1351 praescriptionem
1177 1281 1353 1353 coniungam

373 1381 420 1422 uec
430 1367 509 1422 minus
522 1375 619 1440 gratum
628 1368 646 1424 L
658 1368 687 1423 h
699 1367 805 1422 Crameri
815 1368 937 1421 inuentum
948 1365 1001 1432 fuit,
1013 1365 1054 1436 qui
1063 1364 1194 1420 eorundem
1205 1363 1354 1421 scholiorum

374 1451 495 1522 genuinae
514 1452 638 1507 uetustatis
648 1452 855 1507 commendatione
871 1449 1053 1521 praestantium,
1070 1463 1173 1520 quorum
1193 1454 1293 1519 partem
1308 1450 1355 1505 iam

375 1533 495 1606 Georgius
501 1536 567 1590 Valla
577 1537 747 1592 commentario
758 1552 802 1592 suo
812 1535 896 1590 Venet.
909 1538 976 1593 1486
987 1534 1131 1598 insemerat,
1146 1533 1259 1603 pleniore
1275 1540 1355 1591 sunu

314 1691 316 1695 Ι
375 1632 406 1673 ex
421 1634 465 1673 sno
476 1620 559 1674 codice
569 1620 683 1675 Pithoeus
699 1621 847 1688 subiecerat,
866 1619 989 1690 integrum
999 1617 1121 1688 exemplar
1136 1616 1242 1676 exbibh
1252 1616 1355 1691 Sangal-

373 1702 434 1757 leusi
446 1718 467 1761 a.
482 1708 549 1762 1823
559 1705 646 1766 edidit3
661 1705 780 1776 quodnisi
790 1703 955 1774 intempestiua
966 1702 1104 1757 criticorum
1114 1700 1224 1757 sollertia
1234 1702 1283 1759 sub
1293 1702 1355 1759 iden

374 1793 470 1856 tempus
485 1803 559 1843 novas
575 1788 657 1843 turbas
673 1788 799 1853 mouisset,
817 1788 866 1842 iam
881 1794 935 1842 tum
945 1792 1012 1842 recta
1028 1784 1212 1842 ard-luvenalem
1229 1786 1354 1844 nummis

373 1871 505 1943 legendum
514 1872 552 1927 via
562 1872 666 1943 patebat
695 1875 726 1927 At
736 1873 799 1927 enim
810 1872 874 1944 quod
884 1887 957 1943 saepe
966 1886 1005 1926 res
1013 1870 1076 1926 bene
1086 1869 1233 1925 constitutas
1247 1876 1352 1927 metue

349 2014 351 2018 ,
373 1955 522 2026 experimur,
542 1964 570 2012 ut
586 1958 648 2012 mala
658 1957 783 2012 hominum
799 1957 927 2023 sedulitas,
945 1955 1086 2011 demetiam
1096 1954 1210 2011 meliores
1221 1954 1354 2013 facerere-

372 2040 441 2109 piens
451 2041 555 2096 remedia
565 2043 734 2113 oircrrrnspicit,
746 2042 798 2113 ipsa
807 2040 895 2096 borum
905 2040 929 2095 ri
940 2039 1055 2095 obmatur
1065 2045 1090 2094 et
1100 2038 1198 2111 caliget,
1209 2039 1237 2095 iu
1244 2038 1353 2095 lumba

373 2139 468 2196 qnoque
479 2125 582 2189 areidit3
599 2127 667 2182 ouius
678 2141 753 2198 quum
763 2131 800 2180 tot
811 2125 908 2180 codices
917 2123 1028 2195 quotvis
1038 2123 1110 2179 nllim
1120 2122 1222 2179 alterius
1231 2122 1353 2195 scripto&

372 2207 398 2262 iu
415 2208 566 2265 bibliothecis
585 2218 722 2272 seruentur,
742 2210 829 2265 homm
845 2208 990 2264 lectionibus
1000 2206 1144 2280 colligendis
1154 2208 1353 2281 ωιΐειοιιιίἰιιμ

372 2291 515 2362 Rupertius,
528 2294 684 2362 hobaiotrius,
695 2293 861 2358 Heinricbim,
873 2293 931 2348 dum
941 2292 1061 2363 comuptis
1072 2291 1132 2347 locis
1141 2291 1265 2348 medelam
1274 2304 1354 2365 pum

372 2375 419 2430 sibi
428 2376 576 2440 ridebantur,
585 2377 713 2433 baudraro
723 2385 748 2432 et
758 2379 803 2448 ipsi
812 2393 885 2433 sanos
894 2380 1085 2450 corrupemntet
1094 2372 1146 2431 aliis
1157 2381 1274 2451 rumores
1283 2374 1354 2433 essh-

374 2465 469 2522 terunt,
482 2465 511 2514 ut
529 2466 571 2515 aut
581 2476 681 2515 numero
692 2462 790 2516 testium
801 2468 843 2517 aut
853 2478 898 2517 sno
912 2462 1070 2534 quabcuuque
1080 2460 1170 2515 iudicio
1180 2450 1241 2517 irati
1259 2476 1306 2533 pro
1320 2462 1354 2517 ln·

373 2547 444 2611 tegra
461 2548 547 2610 poetae
564 2545 671 2599 oratione
688 2559 741 2600 eam
756 2546 918 2614 venditarent,
934 2560 1007 2618 qrram
1021 2560 1053 2599 eu
1068 2544 1196 2601 mmemria
1211 2546 1290 2603 medii
1305 2543 1354 2601 aeri

374 2625 558 2694 interpolatione
571 2627 675 2682 deterius
685 2627 799 2685 librorum
808 2644 887 2701 genus
897 2644 1030 2701 occupasse
1037 2628 1155 2692 ridImusr
1166 2642 1317 2703 quamam
1324 2642 1354 2685 nt

373 2706 422 2762 hoc
432 2709 529 2778 quidem
540 2710 565 2765 in
576 2724 666 2782 genere
678 2713 709 2767 ita
719 2714 765 2768 sibi
778 2715 950 2779 constitemnt,
961 2720 1004 2782 ut,
1014 2713 1079 2785 quod
1090 2712 1196 2785 aliquem
1206 2724 1277 2769 cete
1285 2726 1354 2771 usn

372 2791 533 2862 praebuisset,
553 2810 584 2849 er
594 2811 683 2868 magna
694 2798 839 2854 deteriorum
848 2798 981 2855 lectionum
991 2798 1061 2868 copia
1070 2811 1125 2853 eam
1134 2784 1294 2867 pristmum
1304 2810 1354 2853 ιε·

371 2875 458 2932 borum
470 2881 683 2936 conformationem
694 2883 830 2949 efficerent,
848 2897 909 2955 quae
919 2881 1069 2953 corurptelae
1085 2886 1159 2952 epm
1169 2886 1196 2937 et
1207 2880 1265 2939 lem
1274 2880 1353 2939 tuti

371 2967 468 3031 posset,
484 2961 528 3019 sed
543 2979 591 3036 quo
608 2966 707 3036 propius
724 2982 752 3023 se
768 2967 864 3023 illamm
881 2981 929 3038 ope
939 2966 969 3022 ad
983 2966 1035 3037 ipsa
1051 2971 1139 3037 poetae
1153 2964 1353 3023 mltum

266 3052 269 3059 '
369 3047 546 3115 sperabant,eo
556 3048 674 3105 minorem
683 3066 754 3106 uerae
764 3052 914 3122 comnptelae
922 3050 1084 3122 suspicionem
1093 3048 1251 3109 adhibebant
1267 3050 1353 3107 senne

368 3128 445 3201 igitur
461 3147 519 3186 casu
535 3135 646 3206 contigit,
657 3143 686 3190 ut
697 3134 780 3191 Ottoni
789 3135 880 3200 Iabnio,
892 3149 964 3207 quem
975 3135 1022 3189 iam
1033 3135 1059 3189 iu
1068 3132 1144 3189 Persii
1156 3134 1353 3191 editionem!

369 3214 481 3269 oodicnm
487 3217 650 3274 conditionem
656 3234 714 3274 sano
724 3220 813 3276 iudicio
820 3219 969 3275 existimmse
978 3219 1036 3286 diri,
1043 3219 1165 3289 insperata
1175 3216 1353 3289 ipsiusPithot·

368 3297 407 3352 ani
417 3299 447 3354 ab
458 3299 554 3372 integro
571 3303 724 3373 comparandi
735 3304 830 3360 occasio
847 3302 985 3367 oderretnr;
996 3317 1069 3375 quem
1078 3318 1154 3374 quum
1164 3303 1242 3359 etiam
1251 3316 1277 3359 a.
1287 3302 1352 3363 ldll

367 3385 619 3453 tamquamamissum
636 3386 810 3457 deplorassem,
830 3402 888 3443 mox
909 3388 974 3465 felici
989 3386 1097 3443 Dttbueri
1117 3386 1238 3443 industria
1252 3386 1280 3443 in
1294 3382 1352 3443 bttl.

367 3464 575 3536 Montepessnlaua
591 3471 732 3542 indagatum
749 3472 874 3543 doctisque
891 3472 975 3527 usibrrs
996 3471 1117 3527 redditum
1134 3485 1191 3527 esse
1201 3474 1352 3543 oonpm

368 3554 418 3609 est:
428 3548 548 3623 huimqne
556 3553 663 3609 subsidio
674 3555 722 3609 iam
732 3556 765 3611 its
777 3556 929 3612 emendatum
939 3556 1076 3611 quenalem
1086 3554 1171 3611 labnio
1188 3556 1315 3621 deberm,
1325 3556 1352 3609 1

366 3631 458 3687 nullam
468 3650 583 3707 umquam
593 3638 721 3694 editionem
739 3647 825 3709 poetae
836 3655 934 3695 manum
945 3640 1039 3695 felicius
1050 3639 1199 3711 exproesisse
1208 3636 1350 3703 aalma*

366 3729 414 3769 nec
427 3716 513 3789 siquis
527 3720 552 3774 iu
570 3721 673 3793 singulis
690 3723 788 3795 lougius
803 3724 903 3794 procedi
912 3738 985 3794 posse
1001 3729 1084 3795 putet,
1102 3723 1175 3779 aliter
1187 3722 1242 3783 beo
1250 3718 1350 3799 w!

356 3798 446 3876 liceat,
458 3817 533 3879 qoam
550 3811 579 3865 ut
594 3806 664 3866 idum
679 3807 705 3865 in
724 3808 780 3882 ipsa
789 3806 919 3866 limosam
931 3800 1036 3864 lectione
1055 3806 1094 3864 rol
1113 3800 1349 3881 internuntii
