3267 4409
326 494 365 556 16
645 493 689 554 M.
705 492 795 554 VAL.
804 490 1036 553 *MAR'rlALls

409 645 491 723 Quid
506 644 629 723 dignum
643 651 730 704 tanto
746 645 804 704 tibi
822 650 931 704 ventre
945 642 1077 723 gulaque
1091 646 1268 725 precabor?

450 728 592 790 Boletum
606 728 726 808 qualem
741 727 887 788 Claudius
903 728 984 806 edit,
1007 727 1089 789 edas.

731 854 738 868 ‘
799 861 879 925 XXl.

409 978 485 1036 (ium
498 982 623 1056 peteret
637 993 742 1052 regem
758 974 889 1054 decepta
902 972 1038 1036 satellite
1054 975 1178 1054 dcxtra,

447 1061 578 1138 Ingessit
592 1060 686 1118 sacris
702 1077 735 1117 se
748 1060 888 1138 peritura
901 1058 988 1119 focis.
1191 1130 1198 1140 p

408 1143 472 1204 Sed
485 1152 546 1203 tam
560 1161 648 1203 saeva
661 1143 730 1220 pius
745 1141 890 1201 miraculo
903 1162 965 1201 non
980 1140 1053 1203 tulit
1066 1144 1164 1204 hostis

449 1229 491 1287 Et
503 1234 624 1307 raptum
638 1227 766 1287 flammis
780 1226 870 1286 iussit
885 1227 970 1285 abire
985 1229 1092 1292 virum.

351 1331 354 1334 ’
387 1313 510 1373 5Urere
526 1330 614 1389 quam
627 1311 729 1388 potuit
746 1315 922 1389 contempto
937 1310 1059 1371 Mucius
1073 1313 1154 1390 igni,

449 1396 536 1455 Hanc
555 1401 697 1473 spectare
713 1413 833 1452 manum
847 1394 985 1452 Porsena
998 1414 1061 1453 non
1074 1397 1185 1474 potuit.

299 1478 304 1487 ’
406 1473 509 1539 Maior
524 1477 673 1558 deceptae
685 1477 765 1537 fama
777 1485 826 1536 est
840 1484 872 1537 et
886 1475 984 1554 gloria
1000 1475 1142 1539 dextrae:

449 1563 481 1621 Si
496 1581 558 1621 non
573 1568 724 1639 errasset,
743 1561 864 1621 fecerat
876 1559 932 1620 illa
945 1561 1053 1621 minus.

668 1746 670 1748 ,
789 1695 882 1756 XXII.

408 1808 489 1885 Quid
504 1827 567 1867 uon
583 1824 672 1866 saeva
685 1805 766 1884 fugis
780 1804 897 1886 placidi
912 1804 1000 1885 lepus
1015 1804 1206 1866 araleonis?

448 1893 607 1970 Frangere
624 1896 685 1950 tam
700 1910 808 1970 parvas
823 1909 885 1948 uon
900 1888 1038 1949 didicere
1054 1890 1149 1954 feras.

406 1977 573 2036 Servantur
591 1974 707 2052 magnis
721 1975 773 2034 isti
789 1974 959 2034 cervicibus
972 1993 1089 2052 ungues

447 2060 511 2120 Nec
526 2058 638 2138 gaudet
651 2059 738 2118 tenui
753 2059 900 2137 sanguine
913 2063 997 2117 tanta
1011 2060 1087 2118 sitis.

385 2143 526 2204 5Praeda
542 2164 649 2203 canum
662 2141 750 2222 lepus
765 2148 829 2219 est,
850 2146 1026 2207 vastosssnon
1042 2142 1151 2222 implet
1164 2145 1281 2203 hiatuaz

446 2228 514 2288 Non
529 2228 636 2295 timeat
650 2227 748 2286 Dacus
765 2227 905 2286 Caesaris
920 2247 1002 2286 arma
1016 2245 1102 2307 puer.

776 2375 915 2453 ⁸niani„

306 2529 308 2532 ι
404 2488 516 2546 invitus
530 2485 647 2547 nullum
662 2487 722 2546 nisi
738 2505 804 2546 cum
822 2506 897 2565 quo,
920 2486 1027 2566 Cotta,
1049 2488 1159 2557 lavaris

446 2572 488 2631 Et
503 2570 576 2631 daut
591 2571 744 2630 convivam
758 2570 870 2630 balnea
885 2570 951 2631 sola
965 2574 1032 2632 tibi.

404 2656 557 2732 Mirabar,
581 2673 675 2733 quare
688 2675 842 2734 nunquam
857 2674 922 2733 me,
946 2657 1053 2733 Cotta,
1074 2677 1231 2719 vocasses:

337 2748 343 2756 '
445 2740 506 2797 lam
521 2739 600 2815 scio,
621 2757 670 2798 me
683 2739 798 2799 nudum
812 2738 1006 2819 displicuisse
1020 2742 1087 2801 tibi.

534 2922 538 2933 .
658 2927 667 2945 χ
786 2874 896 2936 XXIV.

237 3033 239 3040 ,
319 3010 322 3017 ’
403 2989 526 3066 Aspicis
539 2990 704 3068 incomptis
718 2986 823 3068 illum,
845 2989 996 3068 Deciana,
1020 2990 1159 3071 capillis,

318 3068 320 3085 ²
447 3071 542 3133 Cuius
557 3074 672 3152 etipse
690 3074 779 3133 times
795 3075 887 3134 triste
904 3072 1118 3154 supercilium,

405 3156 464 3231 Qui
478 3155 616 3235 loquitur
630 3158 741 3217 Curios
757 3165 989 3236 assertoresque
1005 3158 1173 3219 Camillos?

445 3239 548 3301 Nolito
562 3241 659 3301 fronti
675 3238 821 3301 credere:
840 3244 944 3321 nupsit
955 3243 1033 3302 heri.

786 3374 881 3436 XXV.

323 3504 332 3509 ’
404 3485 472 3547 Ede
490 3493 558 3546 tuos
573 3487 697 3547 tandem
711 3486 843 3568 populo,
864 3487 1029 3566 Faustina,
1048 3486 1174 3549 libellos

407 3611 413 3622 -
445 3571 487 3630 Et
502 3569 614 3631 cultum
630 3571 720 3631 docto
735 3577 865 3650 pectore
879 3573 987 3652 profer
1002 3593 1094 3652 opus,

405 3653 494 3731 Quod
507 3672 567 3714 nco
582 3656 753 3735 Cecropiae
768 3654 915 3716 damnent
927 3655 1095 3716 Pandionis
1109 3676 1197 3718 arces

445 3739 509 3799 Nec
524 3737 636 3799 sileant
649 3740 748 3800 nostri
762 3746 1023 3821 praetereantque
1037 3759 1137 3824 senes.

697 4070 815 4096 ι-ι
