3267 4409
536 457 877 524 mrcmmmnon
890 459 964 522 um.
980 460 1028 522 m.
1264 461 1303 526 75
1337 428 1343 449 '

349 615 445 676 Vinea
460 609 545 693 quod
556 606 665 693 primis
680 631 747 671 cum
762 613 857 672 floret
872 632 948 673 cana
961 614 1108 694 racemis,

388 699 537 760 Gramina
551 695 635 776 quod
649 694 812 775 redolent,
834 716 912 776 qnae
927 697 1017 757 modo
1033 698 1149 778 carpsit
1166 700 1248 774 ovis3

334 781 439 860 5Quod
453 786 590 860 myrtus,
613 780 697 860 quod
709 799 828 840 messor
842 782 958 860 Arabs,
979 781 1061 859 quod
1076 785 1180 843 sucina
1193 786 1283 863 trito,
1375 792 1379 796 ⁴

386 865 527 926 Pallidus
542 864 610 925 Eoo
623 870 695 924 ture
711 864 793 943 quod
805 865 885 944 ignis
902 863 984 939 olet;

351 949 448 1012 Gleba
462 948 547 1029 quod
562 949 678 1008 aestivo
693 948 805 1008 leviter
822 969 891 1008 cum
905 950 1059 1029 spargitur
1072 950 1189 1026 imbre,

387 1033 479 1110 Quod
497 1030 634 1093 madidas
648 1031 745 1091 nardo
764 1053 853 1112 passa
868 1053 981 1092 corona
995 1052 1111 1092 comas:

352 1119 415 1179 lloc
428 1124 499 1197 tua,
521 1134 612 1177 saeve
626 1135 705 1196 puer
719 1114 926 1194 Diadumene,
947 1111 1032 1177 basia
1045 1118 1193 1196 fragrant.

324 1213 348 1263 10
387 1200 485 1280 Quid,
507 1203 535 1261 si
551 1205 618 1260 tota
633 1200 724 1260 dares
738 1199 795 1260 illa
811 1203 879 1261 sine
893 1200 1030 1261 invidia‘.l

727 1334 834 1397 LXVI.

354 1448 409 1508 Ριι·
425 1446 529 1510 scelos
545 1445 669 1507 admisit
682 1446 803 1507 Phariis
820 1448 972 1509 Antonius
987 1451 1093 1509 armis:

391 1532 535 1595 Abscidit
547 1530 649 1592 voltus
664 1532 747 1591 ensis
759 1538 893 1610 uterque
908 1552 1020 1594 sacros.
1140 1536 1144 1545 “

353 1614 454 1696 Illud,
464 1617 638 1694 laurigeros
655 1634 763 1694 ageres
779 1636 847 1675 cum
861 1615 945 1676 laeta
957 1618 1146 1699 triumphos,

389 1701 457 1761 Hoc
471 1701 549 1779 tibi,
570 1701 682 1778 Roma,
705 1706 812 1781 capnt,
834 1720 901 1761 cum
916 1702 1106 1779 loquereris,
1129 1708 1205 1761 erat.

338 1785 463 1845 tAntoni
476 1791 582 1845 tamen
596 1789 645 1844 est
659 1785 763 1863 peior,
786 1805 874 1863 quam
891 1805 979 1853 causa
993 1787 1133 1846 Pothini:

389 1869 450 1930 Hic
464 1869 586 1930 facinus
601 1867 724 1928 domino
739 1870 914 1949 praestitit,
934 1868 989 1929 ille
1005 1871 1073 1949 sibi.

725 2002 845 2066 LXVll.

289 2192 290 2197 η
356 2116 503 2195 Cessatis,
524 2114 630 2193 pueri,
651 2113 791 2193 nihilque
805 2117 922 2195 nostis,

289 2220 290 2277 j
355 2199 489 2262 Vaterno
503 2199 678 2276 Rasinaque
692 2199 862 2278 pigriores,

355 2284 485 2360 Quorum
498 2302 558 2363 per
572 2280 647 2342 vada
660 2281 748 2342 tarda
761 2284 938 2361 navigantes

289 2402 290 2453 q
355 2366 466 2428 Lentos
484 2368 604 2445 tingitis
619 2364 658 2426 ad
674 2364 813 2427 celeuma
827 2386 938 2428 remos.

342 2451 412 2513 ilem
425 2471 528 2534 prono
542 2451 738 2516 Phaethonte
756 2449 846 2512 sudat
859 2452 984 2529 Aethon

355 2535 534 2614 Exarsitque
550 2533 634 2608 dies,
656 2542 689 2595 et
703 2536 780 2596 hora
792 2533 892 2596 lassos
925 2537 927 2540 ⁴

355 2618 536 2698 interiungit
550 2637 647 2698 equos
661 2619 840 2680 meridiana.

322 2758 324 2763 .
355 2703 459 2765 Atros
473 2710 536 2762 tam
548 2700 686 2783 placidas
699 2704 768 2782 vagi
780 2722 840 2785 per
852 2702 950 2764 undas

357 2786 431 2849 Tuta
443 2785 553 2847 luditis
567 2787 664 2847 otium
678 2789 789 2849 carina.

340 2870 418 2932 tNon
430 2877 540 2932 nautm
552 2878 628 2953 pato
643 2891 713 2952 vos,
733 2870 791 2932 sed
804 2873 1007 2952 Argonautas.

725 3005 858 3069 LXVlll.

357 3117 420 3178 llnc
435 3124 597 3200 estusque
611 3121 671 3180 tibi
685 3121 836 3202 scriptus,
850 3127 1003 3201 matrona,
1016 3118 1153 3182 libellos.
1167 3164 1170 3169 -

291 3194 297 3309 J
395 3203 452 3264 Cui
469 3205 533 3264 sint
547 3206 663 3284 scripta
675 3224 766 3283 rogas
780 3207 953 3266 interiora?
974 3207 1058 3267 mihi.

359 3285 567 3367 Gymnasium,
589 3289 747 3368 thermae,
770 3289 902 3350 stadium
916 3296 965 3350 est
982 3291 1040 3350 hac
1052 3293 1158 3370 parte:
1180 3283 1303 3349 recede.

393 3371 555 3432 Exuimnr:
576 3370 676 3433 nudos
689 3392 784 3454 parce
796 3374 905 3434 videre
918 3375 1011 3438 viros.

294 3450 298 3463 '
346 3452 435 3514 illinc
449 3457 510 3516 iam
525 3455 667 3536 deposito
681 3463 754 3536 post
768 3459 839 3517 vina
852 3476 1000 3536 rosasque
1015 3455 1135 3536 pudore

398 3538 478 3615 Quid
492 3538 603 3618 dicat,
613 3543 714 3601 nescit
728 3543 830 3602 saucia
845 3537 1073 3622 Terpsichore}

362 3619 518 3683 Schemate
531 3643 590 3684 nec
605 3623 715 3704 dubio,
737 3623 794 3684 sed
808 3632 917 3707 aperte
933 3627 1070 3686 nominat
1083 3625 1182 3705 illam,

399 3707 495 3784 Quam
512 3710 627 3790 recipit
640 3715 727 3770 sexto
742 3728 850 3770 mense
865 3711 998 3791 superba
1010 3710 1136 3788 Venus,
