3267 4409
326 477 390 543 3³8
649 476 1043 543 M.vAL.MAnu1AL18

709 682 842 745 CLXIV.
867 683 988 744 Dinone

403 750 582 860 'Splendida
596 798 664 838 cum
680 777 812 840 volitant
826 780 970 861 Spartani
983 775 1122 860 pondero
1139 777 1227 859 disci,

451 865 528 926 Este
542 863 667 944 procul,
688 866 793 944 pueri:
817 866 858 924 sit
879 863 976 924 semel
989 862 1044 925 ille
1058 880 1185 925 nocens.

697 997 817 1062 CLXV.
843 998 980 1060 Cithara.

410 1093 560 1156 Reddidit
572 1094 751 1175 Eurydicen
764 1098 843 1157 vati:
866 1094 922 1157 sed
935 1092 1074 1176 perdidit
1088 1095 1169 1176 ipre,
1238 1086 1241 1091 ’

452 1180 531 1240 Dum
545 1181 605 1240 sibi
619 1199 681 1240 non
696 1180 813 1260 credit,
834 1199 893 1241 nec
908 1182 1065 1260 patienter
1077 1186 1168 1241 amnt.
1208 1245 1211 1249 ,

724 1315 856 1377 chvi.
876 1315 972 1378 Idem.

410 1412 457 1473 lie
472 1413 658 1495 Pompeiano
674 1434 767 1496 saepe
783 1421 832 1476 est
847 1416 947 1475 eiecto
960 1414 1084 1476 theatro

453 1498 539 1574 Quae
554 1498 640 1561 duxit
654 1499 745 1560 silvas
756 1499 950 1577 detinuitque
964 1499 1059 1569 feros.

677 1635 823 1697 chvll.
846 1633 1013 1695 Plectrum.
1046 1649 1051 1654 ’

409 1728 543 1790 Fervida
556 1749 596 1791 ne
612 1732 686 1792 trito
701 1734 759 1792 tibi
773 1731 891 1812 pollice
905 1728 1015 1810 pusula
1030 1735 1152 1809 surgat,
1217 1722 1230 1741 “’

452 1814 591 1876 Exorent
605 1814 739 1876 docilem
754 1814 884 1876 candida
896 1813 1018 1895 plectra
1030 1811 1139 1893 lyram.

690 1947 1024 2011 convinctorum.
1130 1921 1135 1937 '

409 2043 587 2107 Inducenda
597 2038 667 2109 rota
681 2056 744 2109 est:
766 2049 820 2108 dos
835 2047 924 2107 nobis
938 2044 1016 2106 utile
1031 2066 1149 2109 munus.

452 2131 514 2191 Iste
528 2132 655 2192 trochus
669 2135 790 2213 pueris,
814 2131 935 2193 etmihi
951 2131 1079 2192 canthus
1094 2133 1164 2192 erit.

723 2265 855 2328 chlx.
877 2265 974 2327 Idam.

410 2361 560 2425 Garrulus
574 2366 607 2425 in
619 2363 687 2441 laxo
704 2385 759 2426 cur
774 2363 883 2425 anulus
898 2367 974 2425 orbe
989 2368 1140 2446 rogaturi

451 2449 551 2508 Cedat
564 2457 598 2511 ut
613 2450 728 2529 argutis
743 2451 831 2511 obvie
845 2450 936 2510 turbu
949 2452 1077 2512 trochis.

543 2582 661 2646 chx.
684 2583 819 2666 Signum
838 2583 992 2646 V'a'otom‘ac
1007 2605 1147 2647 aureum.

409 2682 495 2744 Haec
509 2683 559 2745 illi
573 2687 640 2746 sine
656 2693 741 2747 sorte
757 2685 862 2764 datur,
885 2686 934 2746 cui
948 2686 1072 2747 nomina
1084 2687 1212 2749 Rhenum

451 2768 534 2832 Vero
550 2769 647 2831 dedit.
675 2771 809 2832 Deciens
824 2769 904 2831 udde
917 2769 1067 2851 Falerno,
1087 2788 1176 2854 puer.

557 2904 687 2967 clxxi.
708 2898 865 2987 Βρούτου
880 2900 1014 2966 παιδίον
1017 2905 1131 2985 fictile.

409 3003 518 3068 Gloria
531 3011 593 3068 tam
607 3009 694 3088 parvi
708 3013 835 3069 nonest
849 3010 978 3069 obscura
993 3005 1105 3087 sigilli:

449 3091 540 3152 Istius
554 3094 645 3173 pueri
659 3093 773 3154 Brutus
788 3099 906 3154 amator
920 3097 997 3153 erut.

548 3227 693 3291 corni.
714 3226 930 3290 samonaos
947 3226 1137 3311 conatum.
1230 3190 1241 3200 ’
1262 3280 1274 3291 .

408 3323 458 3385 Ad
472 3330 504 3386 te
519 3328 673 3408 reptanti,
694 3346 774 3408 puer
786 3328 953 3406 insidiose,
975 3328 1113 3391 lacertae

448 3407 563 3487 Parce;
586 3415 671 3493 cupit
685 3411 789 3491 digitis
803 3411 858 3472 illu
872 3413 979 3492 perire
992 3416 1066 3475 tuis.

502 3545 660 3612 chxffl.
682 3546 883 3626 Hyacinthus
899 3548 933 3608 im
947 3549 1058 3610 tabula
1070 3549 1183 3630 pietus.

406 3643 524 3707 Flectit
538 3649 575 3706 nb
591 3647 688 3708 inviso
704 3648 868 3709 morientia
881 3646 998 3709 lumine
1012 3647 1098 3708 disco

450 3729 613 3814 Oebalius,
634 3733 755 3796 Phoebi
769 3730 860 3816 culpe
875 3731 1044 3817 dolorque,
1062 3749 1150 3814 puer.
1164 3758 1171 3763 ·
1293 3818 1299 3829 Ι
