3267 4409
328 541 388 604 1oo
486 615 488 618 Α
655 553 691 601 n.
707 553 778 601 nm.
796 551 981 603 mundaum

324 687 377 754 'Sic
400 691 502 771 aliquis
525 691 626 753 merito
645 693 770 754 nondum
792 691 891 753 ebrius
914 699 944 751 et
964 690 1113 753 minimum·
1128 691 1177 770 qui

327 778 372 837 De
393 773 561 851 Corcyraea
582 785 719 837 temetum
742 778 865 838 duxerat
886 789 988 844 urna3·
1275 784 1310 839 25

328 861 414 923 Solus
437 859 598 921 enimhaec
611 860 726 921 Ithacus
747 861 828 921 nullo
850 860 902 919 sub
925 867 1001 919 teste
1024 856 1157 919 canebat.

328 945 390 1005 Nos
413 944 540 1005 miranda
565 944 696 1023 quidem,
721 945 774 1006 sed
796 962 891 1022 nuper
911 941 1032 1003 consule
1055 942 1145 1002 lunco

329 1028 417 1098 Gesta
440 1047 530 1105 super
551 1027 663 1088 calidae
685 1027 847 1088 referemus
868 1027 992 1087 moenia
1005 1024 1109 1104 Oopti,

327 1112 388 1172 Nos
410 1112 490 1188 vulgi
514 1111 612 1172 scelus
635 1121 665 1172 et
687 1113 796 1173 cunctis
817 1113 953 1188 graviora
977 1109 1135 1171 cothurnis.

326 1195 399 1256 Nam
416 1197 528 1269 scelus,
547 1194 686 1270 aPyrrha
704 1214 874 1275 quamquam
894 1195 987 1255 omnia
1007 1201 1133 1268 syrmata
1150 1191 1312 1269 volvaqao

327 1279 430 1340 Nullus
453 1279 528 1358 apud
550 1281 679 1355 tragicos
701 1279 827 1358 populus
849 1279 934 1347 facim
958 1278 1080 1356 accipe,
1104 1285 1205 1337 nostro

326 1362 396 1424 Dira
420 1364 498 1442 quod
517 1363 682 1441 exemplum
703 1362 804 1424 feritas
826 1362 997 1441 produxerit
1017 1377 1102 1421 aevo.

370 1447 449 1508 luter
474 1448 608 1507 finitimos
630 1455 714 1509 vetus
740 1455 828 1526 atque
854 1446 969 1523 antiqua
992 1444 1133 1520 simultas,

327 1530 491 1593 immortale
518 1531 613 1591 odium
636 1540 665 1590 et
686 1548 837 1608 numquam
860 1528 991 1590 sanabile
1012 1529 1115 1588 vulnus

328 1615 422 1676 Ardet
443 1614 552 1690 adhuc,
576 1612 684 1674 Ombos
710 1624 739 1674 et
760 1613 896 1688 Tentyra.
932 1613 1062 1672 Summus
1084 1610 1227 1690 utrimque
1276 1620 1311 1675 35

327 1696 398 1759 Inde
418 1699 498 1758 furor
520 1697 626 1773 vulgo,
648 1697 725 1776 quod
743 1699 855 1757 numina
880 1695 1040 1756 vicinorum

331 1781 397 1842 Odit
420 1791 543 1861 uterque
565 1781 667 1857 locus,
691 1799 777 1861 quum
799 1780 881 1841 solos
905 1779 1006 1841 credat
1027 1777 1179 1839 habendos

329 1864 407 1926 Esse
429 1864 517 1940 deco,
541 1881 614 1942 quos
636 1867 699 1943 lpse
723 1864 801 1925 colit.
835 1865 895 1925 Sed
915 1872 1047 1942 tempore
1070 1863 1147 1924 festo

329 1948 459 2009 Alterius
482 1947 583 2026 populi
604 1948 742 2026 rapienda
766 1949 884 2009 occasio
908 1949 1019 2007 cunctis

329 2032 400 2093 Visa
422 2033 599 2092 inimicorum
620 2032 794 2111 primoribus
815 2051 850 2093 ao
873 2031 1010 2107 ducibus,
1033 2049 1072 2091 ne
1277 2041 1313 2095 40

330 2116 447 2177 Laetum
469 2116 648 2194 hilaremque
669 2117 762 2193 diem,
784 2135 822 2176 ne
846 2132 968 2194 magnae
987 2115 1094 2192 gaudia
1113 2133 1225 2178 coenae

331 2202 492 2277 Sentirent,
515 2201 619 2279 positis
640 2200 676 2262 ad
699 2200 806 2280 templa
830 2209 859 2261 et
882 2200 1006 2278 cornpita
1027 2200 1136 2261 mensis

330 2283 525 2363 Pervigilique
550 2292 633 2361 toro,¹
655 2302 741 2363 quem
765 2292 852 2344 nocte
876 2303 911 2345 ac
933 2282 1000 2343 luce
1022 2281 1165 2344 iacentem

330 2370 475 2446 Septimus
497 2369 638 2429 interdum
660 2369 706 2429 sol
727 2369 844 2429 invenit.
872 2367 997 2428 Horrida
1017 2384 1089 2428 sane

288 2507 293 2519 ,
330 2451 501 2531 Aegyptus,
528 2451 582 2512 sed
607 2451 735 2529 luxuria,
758 2461 892 2532 quantum
917 2453 982 2530 ipse
1003 2451 1112 2529 notavi,
1274 2460 1309 2514 45

329 2535 457 2596 Barbara
478 2536 590 2597 famoso
613 2552 671 2596 non
693 2536 770 2597 cedit
791 2537 875 2598 turba
899 2533 1031 2613 Oanopo.

330 2618 432 2692 Adde,
459 2619 537 2696 quud
558 2629 588 2696 et
607 2618 701 2680 facilis
723 2622 846 2680 victoria
867 2620 905 2681 dc
927 2620 1046 2680 madidis
1071 2628 1102 2680 et

330 2701 444 2762 Blaesis
468 2711 555 2781 atque
577 2720 658 2762 mero
679 2703 882 2764 titubantibus:
904 2704 971 2763 inde
993 2705 1120 2765 virorum

332 2783 458 2846 Saltatus
480 2787 563 2863 nigro
585 2786 719 2862 tibicine,
743 2788 964 2867 qualiacumque
1032 2814 1037 2825 ·

331 2869 483 2946 Unguenta
508 2879 538 2930 et
553 2864 648 2931 'liores
668 2872 834 2952 multaeque
855 2873 884 2932 in
906 2873 1000 2932 ironia
1024 2888 1167 2941 coronae;
1277 2879 1312 2934 50

330 2952 403 3013 Hinc
428 2955 551 3014 ieiunum
576 2955 680 3015 odium.
713 2956 773 3019 Sed
796 2959 889 3034 iurgia
911 2958 1001 3036 prima
1022 2973 1130 3017 sonare

329 3035 472 3115 incipiunt
497 3040 596 3099 animis
618 3040 800 3116 ardentibus,
823 3041 898 3102 haec
919 3039 987 3101 tuba
1008 3041 1107 3109 rixae3

330 3120 407 3181 Dein
428 3123 556 3183 clamore
578 3125 643 3202 pari
664 3127 861 3201 concurritur,
888 3134 918 3186 et
938 3126 1004 3185 vice
1025 3123 1076 3183 teli
1102 3182 1106 3189 ,

332 3203 433 3265 Saevit
453 3207 527 3266 nuda
549 3226 661 3277 manus;
683 3226 795 3287 paucae
818 3211 881 3269 sine
902 3208 1023 3269 vulnere
1045 3205 1149 3285 malae,
1231 3214 1242 3225 '

330 3287 389 3348 Vix
412 3291 542 3368 cuiquam
565 3300 613 3350 aut
632 3290 702 3352 nulli
723 3301 785 3353 toto
810 3293 966 3353 certamine
988 3308 1073 3350 nasus
1109 3346 1119 3366 ,
1280 3300 1313 3353 55

331 3371 465 3449 Integer,
488 3375 637 3452 aspiceres
659 3377 714 3436 iam
737 3386 839 3437 cuncta
858 3394 913 3455 per
933 3374 1045 3450 agmina
1067 3373 1163 3432 vultus

331 3455 489 3534 Dimidios,
516 3457 588 3518 alias
613 3459 704 3519 facies
727 3469 755 3519 et
778 3459 883 3520 hiantia
907 3457 999 3534 ruptis

333 3538 408 3599 Ossa
429 3543 528 3618 genis,
552 3542 656 3620 plenos
679 3544 828 3603 oculcmm
849 3541 987 3618 sanguina
1009 3554 1133 3615 pugnos.

332 3622 445 3684 Ludere
469 3643 503 3685 se
527 3625 646 3686 credunt
666 3627 722 3705 ipsi
744 3635 840 3686 tamen
866 3632 895 3684 et
916 3620 1045 3701 pueriles
1300 3690 1304 3696 ,

332 3705 484 3768 Exercere
505 3710 601 3785 acies,
623 3710 700 3788 quod
720 3710 798 3770 nulla
821 3708 962 3768 cadavera
983 3706 1112 3778 calceum
1277 3717 1313 3773 60

333 3788 372 3850 m
390 3809 460 3852 sane
483 3810 540 3871 quo
562 3802 605 3854 tot
626 3795 745 3853 rixantis
766 3792 842 3853 milia
878 3789 990 3868 turbae,
