3267 4409
514 436 517 441 ⁵
542 447 884 511 EPIGRAMMATON
897 450 972 514 LlB.
988 452 1024 513 11.
1266 455 1304 519 51

325 605 454 682 cacque
469 622 560 663 unam
575 603 692 663 vestire
707 603 822 662 tribum
837 608 889 662 tua
905 602 1035 664 candida
1050 617 1194 686 possunt,

386 686 512 768 Appula
526 706 590 746 non
604 707 665 747 uno
682 704 758 764 quae
777 705 872 764 grege
889 693 974 746 terra
989 688 1071 751 tulit.

346 772 397 832 'l'u
412 777 537 852 spectas
551 770 850 841 hiememauccincti
864 768 967 830 lentus
984 774 1073 832 amici

386 856 450 915 Pro
467 854 584 915 scelus!
606 860 639 915 et
653 853 763 914 lateris
778 855 894 932 frigora
910 857 983 915 trita
999 858 1098 919 times.
1193 932 1198 941 Ι

347 941 500 1017 Quantum
516 945 600 1016 crat,
622 938 747 1016 infelirr,
767 939 876 1018 pannis
890 939 1035 1001 fraudare
1052 941 1186 1020 duobus,
1201 978 1241 988 -

313 1034 342 1086 10
386 1021 472 1101 Quid
485 1023 620 1083 metuis?
633 1055 677 1071 —-
691 1041 753 1082 non
768 1028 816 1099 te,
837 1023 1067 1103 Naevole„sed
1081 1027 1206 1088 tineas?

691 1237 693 1241 .
725 1156 845 1220 xuvu

350 1268 486 1332 Subdola
499 1270 636 1330 famosae
652 1288 762 1329 moneo
778 1270 851 1348 fuge
866 1272 947 1330 ‘retia
962 1274 1125 1352 moechae,

388 1354 502 1415 Levior
517 1375 535 1414 o
552 1354 695 1430 conchis,
718 1353 827 1431 Galle,
847 1354 1049 1433 Cytheriacis.

351 1438 485 1499 Confidis
499 1439 646 1498 natibua‘l
666 1457 729 1497 nou
743 1444 791 1498 cst
805 1438 934 1518 paedico
950 1442 1092 1501 maritos:

390 1523 475 1600 Quae
487 1523 584 1584 faciat
598 1521 658 1582 duo
673 1529 759 1583 sunt:
781 1524 912 1584 irrumat
926 1529 978 1584 aut
991 1525 1095 1587 futuit.

454 1694 456 1701 ,
581 1725 596 1736 ,
715 1656 848 1719 xuvm.

355 1768 507 1849 thonem
520 1767 697 1849 laniumque
711 1769 935 1850 balneumque,
997 1834 1005 1841 ,,

357 1852 523 1914 Tonsorem
537 1853 731 1932 tabulamque
747 1853 945 1934 calculosque

356 1937 393 1997 ut
404 1957 534 2018 paucos,
556 1938 613 1997 aed
628 1945 663 1998 ut
677 1940 803 2017 eligam,
821 1939 966 2001 libellos:

357 2021 448 2081 Unum
462 2042 524 2082 non
537 2024 664 2083 nimium
678 2022 788 2083 rudem
802 2023 940 2085 sodalem

344 2105 394 2165 ulit
405 2106 550 2184 grandem
564 2126 694 2186 puerum
709 2107 822 2185 diuque
837 2107 938 2169 levem
954 2113 959 2121 ‘

359 2188 394 2249 Et
406 2211 504 2255 curam
517 2209 615 2271 puero
629 2210 698 2252 meo
713 2191 863 2272 puellam:

361 2272 434 2334 llaec
446 2280 570 2354 praesta
584 2276 674 2354 mihi,
695 2277 793 2354 Rufe,
811 2276 863 2336 vel
875 2277 1034 2353 Butuntis,

360 2355 394 2417 ht
405 2359 540 2419 thermae
555 2361 614 2420 tibi
627 2361 707 2422 habe
721 2362 922 2445 Neronianae.

655 2560 658 2568 .
725 2510 833 2572 XLIX.

361 2617 483 2680 Uxorem
496 2622 569 2683 nolo
584 2622 761 2684 Telesinam
776 2622 908 2684 ducere:
930 2625 1046 2701 quare?

395 2704 524 2766 Moecha
538 2712 596 2770 est.
627 2707 691 2768 Sed
704 2710 810 2788 pueris
826 2708 879 2769 dat
894 2709 1049 2770 Telesina.
1078 2705 1169 2771 Volo.

693 2843 799 2903 rh.

307 2922 308 2989 ἦ
361 2948 439 3026 Quod
452 2950 544 3012 fellae
556 2957 590 3012 et
603 2964 710 3031 aquam
723 2961 829 3035 potas,
850 2952 912 3032 nil,
933 2916 1062 3032 Lesbia,
1084 2973 1203 3034 peccas.

307 3048 309 3111 ζ
373 3086 378 3099 .
394 3035 459 3112 Qua
470 3037 529 3097 tibi
543 3043 633 3116 parte
649 3057 725 3118 opua
741 3046 806 3118 eat,
825 3039 955 3117 Leabia,
977 3040 1070 3098 sumis
1086 3057 1202 3117 aquam.

758 3173 807 3237 LI.

307 3270 308 3281 ¹
361 3276 435 3340 Unus
449 3299 543 3360 saepe
557 3283 616 3343 tihi
629 3289 695 3343 tota
711 3283 856 3345 denarius
872 3304 942 3344 arca
994 3314 996 3320 ·

393 3366 467 3425 Cum
480 3366 523 3425 rit
536 3372 569 3425 et
582 3367 634 3427 hic
649 3366 719 3428 culo
735 3371 855 3446 tritior,
874 3366 987 3447 Hylle,
1005 3373 1075 3445 tuo,

361 3444 418 3509 Non
430 3456 535 3509 tamen
547 3450 630 3510 hunc
643 3453 759 3532 pistor,
782 3473 844 3513 non
860 3454 982 3513 auferet
995 3453 1076 3511 hunc
1092 3453 1150 3514 tibi
1166 3472 1259 3534 copo,

359 3568 361 3573 ·
394 3532 455 3593 Sed
468 3535 495 3593 ai
511 3534 580 3612 quis
594 3537 689 3595 nimio
703 3555 785 3617 pene
799 3538 950 3615 auperbus
966 3538 1035 3597 crit.

344 3612 458 3678 thielix
470 3625 582 3678 venter
597 3626 717 3699 spectat
732 3622 873 3703 convivio¹
885 3619 948 3680 culi

393 3701 432 3761 ut
444 3719 569 3785 semper
582 3703 679 3765 mirer
692 3705 744 3766 hic
758 3706 874 3784 esurit,
895 3704 950 3766 ille
965 3709 1063 3768 vorat.

1048 3786 1092 3852 4*
