3267 4409
301 482 388 595 ¹sm
647 525 1054 592 mvnnmnnnnns.

682 729 735 794 IV.
760 730 1003 812 Quinquiplmes.
1093 727 1097 733 ’

409 840 514 906 caede
528 842 727 901 iuvencorum
744 839 860 900 domini
876 839 960 900 calet
973 856 1046 901 eres
1059 835 1153 917 felix,

451 923 664 1007 Quinquiplici
679 942 752 984 esra
767 944 836 984 sum
851 922 941 984 datur
955 921 1037 983 altus
1050 922 1161 982 honos.

658 1057 695 1120 V.
717 1057 897 1138 Pugillares
912 1057 1023 1118 eborei,

405 1155 564 1236 Languida
576 1175 617 1216 ne
632 1155 740 1215 tristes
755 1157 923 1216 obscurent
936 1154 1052 1215 lumine
1066 1146 1176 1231 certe,

448 1243 543 1320 Nigra
554 1241 614 1302 tibi
627 1241 749 1300 niveum
761 1238 870 1300 littera
883 1241 991 1321 pingat
1005 1239 1092 1301 ebur.

721 1373 774 1437 Vl.
799 1373 961 1455 Triplices.

411 1473 501 1534 Tune
516 1471 659 1552 triplices
673 1476 798 1532 nostros
812 1491 875 1531 non
889 1472 962 1532 vilis
975 1470 1055 1531 done
1069 1469 1209 1551 putabis,

452 1558 529 1618 Cum
544 1574 578 1616 se
592 1562 753 1616 venturam
768 1557 887 1616 scribet
901 1557 998 1616 amica
1011 1556 1078 1616 tibi.

611 1689 675 1751 VII.
695 1689 875 1771 Pugillares
889 1689 1085 1751 membranei.

407 1787 485 1849 Esse
499 1789 574 1863 puta
588 1804 692 1862 ceras,
713 1783 790 1846 licet
803 1787 882 1847 haee
896 1789 1073 1847 membrana
1086 1794 1230 1849 vocetur:

450 1868 597 1948 Delebis‚
619 1869 763 1948 quotiens
778 1872 895 1950 scripta
909 1889 1024 1931 novare
1038 1869 1135 1933 voles.

708 2002 786 2066 VIII.
815 2002 983 2065 Vitelliani.

409 2099 552 2163 Nondum
564 2097 680 2178 legerit
694 2101 751 2160 hos
765 2099 842 2160 licet
856 2099 977 2181 puella,

409 2186 502 2247 Novit
517 2182 592 2265 quid
606 2185 728 2277 sapient
744 2185 913 2248 Vitelliani.

760 2318 812 2383 IX.
834 2320 931 2380 Idem.

412 2414 501 2494 Quod
515 2417 656 2477 minimos
671 2416 791 2495 cernis,
813 2419 894 2477 mitti
907 2436 964 2477 nos
979 2413 1082 2479 credis
1097 2416 1222 2480 amicte.

449 2498 599 2579 Falleris,
620 2507 654 2560 et
667 2519 806 2561 nummos
821 2502 880 2561 ista
892 2499 1009 2562 tabella
1021 2508 1120 2582 roget.

669 2634 708 2697 X.
732 2634 870 2696 tilartae
883 2637 1027 2711 maiores.
1108 2684 1111 2691 .

411 2730 484 2793 Non
496 2737 561 2810 est,
582 2749 710 2792 munere
725 2732 808 2812 quod
822 2739 914 2814 putes
928 2732 1059 2815 pusille,

411 2818 488 2878 (lum
502 2814 597 2877 donst
612 2835 721 2876 vsenss
734 2825 828 2898 poeta
842 2819 975 2880 chartas.

631 2950 683 3013 XI.
709 2951 847 3013 Olartae
861 2954 1057 3033 epistolares.

411 3048 473 3110 Seu
486 3046 600 3110 leviter
616 3055 707 3126 noto,
730 3069 785 3110 sen
800 3071 871 3110 caro
886 3053 979 3111 misus
995 3050 1096 3112 sodali

453 3135 567 3194 Omnes
582 3134 642 3194 iste
656 3134 736 3195 solet
751 3136 858 3195 charte
871 3154 982 3197 vocare
996 3155 1078 3196 snos.
1209 3142 1213 3147 '

670 3269 734 3333 XII.
758 3269 873 3332 Loculi
884 3272 1019 3332 eburnei.

268 3392 271 3401 ·
413 3368 477 3429 Nos
492 3368 553 3429 nisi
571 3366 611 3429 de
626 3371 703 3431 flava
716 3369 836 3431 loculos
853 3371 984 3452 implere
1001 3377 1125 3433 monete

292 3448 301 3461 ‘
450 3452 521 3513 Non
536 3453 645 3530 decet3
667 3462 830 3534 argentum
843 3455 916 3516 viIie
929 3455 1014 3535 ligna
1027 3456 1141 3519 ferant.

687 3589 764 3651 XIII.
787 3590 902 3653 Loculi
913 3589 1020 3673 lignei.

270 3668 278 3688 ⁸
410 3681 445 3744 Si
458 3683 533 3762 quid
547 3685 646 3747 adhue
661 3695 805 3767 superest
819 3689 851 3749 in
864 3689 964 3748 nostri
978 3688 1067 3749 faece
1080 3686 1207 3769 loteIIi,

450 3768 564 3830 Munus
578 3771 649 3832 erit.
677 3770 764 3834 Nihil
777 3779 843 3850 θεῖς
863 3774 931 3855 ipse
945 3770 1078 3834 locellus
1091 3774 1163 3835 erit.
