3267 4409
340 474 403 558 ato
620 472 746 535 mum
760 470 1108 563 mranannmrou.

340 627 407 688 Quid
424 627 455 676 de
468 632 507 685 te,
525 624 599 687 Line,
616 627 757 691 suspicetur
774 641 839 676 uxor
861 659 1209 677 ...........

340 697 407 756 Quid
425 695 502 745 saciet
516 694 569 744 vult
585 696 650 745 scire
667 697 755 761 Lyris:
774 696 844 757 quod
860 696 958 745 sobria:
977 694 1049 745 lellat
1062 728 1210 747 .....

340 767 407 826 Quid
422 764 497 813 iaciat
513 763 596 813 nullos
612 763 654 813 hio
669 766 799 814 inventura
817 764 924 828 capillos
955 798 1210 815 ........

341 835 407 894 Quid
422 833 517 882 iactum
536 840 588 891 est,
606 847 684 898 rogo,
702 833 764 895 quid
779 841 882 897 repente
897 832 992 882 lactum
1027 866 1210 885 ......

341 904 406 963 Quid
422 917 462 950 me
480 910 636 966 compactam
654 904 719 951 ceris
738 909 762 950 et
776 900 920 951 harundine
937 902 1023 952 rides?
1061 935 1208 953 .....

340 972 406 1032 Quid
424 986 478 1029 me,
494 971 573 1031 Thai,
592 985 677 1019 senem
695 970 801 1019 subinde
821 971 903 1019 diois?
924 1004 1208 1022 ........

340 1041 407 1101 Quid
424 1055 522 1088 mecum
538 1048 575 1088 est
592 1040 656 1090 tibi'l
691 1039 731 1088 llle
749 1038 836 1102 puella
853 1046 936 1088 sumat
955 1073 1208 1091 ........

340 1110 406 1170 Quid
422 1108 485 1157 mihi
498 1109 587 1158 reddat
605 1123 665 1173 ager
682 1108 796 1170 quaeris,
814 1108 890 1166 Line,
906 1108 1094 1157 Nomentanus?
1130 1142 1136 1155 .
1165 1146 1172 1159 .
1200 1145 1208 1159 .

294 1198 299 1209 ·
339 1178 406 1237 Quid
421 1177 483 1227 mihi
496 1179 628 1227 vobiscum
647 1185 696 1234 est,
715 1193 729 1226 o
745 1176 846 1226 Phoebe
864 1191 1005 1239 novemque
1023 1177 1142 1226 sorores?
1164 1212 1172 1228 .
1200 1213 1207 1227 .

340 1247 406 1307 Quid
421 1253 506 1296 narrat
521 1255 565 1294 tua
579 1245 702 1295 moecha?
738 1245 794 1295 Non
812 1245 924 1309 puellam
959 1279 967 1295 .
992 1280 999 1295 .
1026 1281 1034 1296 .
1061 1280 1068 1295 .
1096 1280 1103 1294 .
1200 1280 1207 1295 .

339 1316 406 1376 Quid
423 1316 511 1375 nobis
529 1316 627 1376 inquis,
644 1330 701 1363 cum
716 1313 843 1378 epistola?
853 1346 1208 1367 ...........
1246 1317 1373 1383 ΕΜ

337 1386 407 1445 Quid
421 1399 470 1434 non
487 1385 556 1449 cogit
573 1385 660 1433 amor?
679 1385 759 1433 secuit
777 1383 875 1432 nolente
894 1382 1000 1447 capillos
1028 1417 1207 1434 ......

340 1453 408 1513 Quid
424 1468 473 1502 non
487 1467 564 1503 saeta
581 1452 650 1516 sugis
664 1452 758 1516 placidi
777 1452 851 1516 lepus
870 1466 913 1502 ore
930 1452 1066 1502 leonis?
1164 1490 1171 1503 .
1200 1488 1207 1503 .

339 1522 406 1582 Quid
420 1530 525 1586 pereunt
538 1521 614 1570 stulto
630 1521 707 1571 fortes
725 1521 821 1571 haltere
834 1520 939 1570 lacerti?
958 1555 1207 1572 ........
1249 1522 1322 1585 XIV,
1332 1522 1369 1579 40

339 1590 405 1650 Quid
421 1591 586 1654 promittebas
605 1591 667 1639 mihi
686 1591 771 1649 milia,
789 1589 885 1649 Goure,
902 1590 1009 1639 ducenta
1025 1623 1172 1642 .....
1178 1612 1207 1641 ·.
1282 1594 1317 1657 V,
1333 1592 1369 1647 04,

1251 628 1324 897 εέμει

1279 974 1315 1025 Ξ

1249 1040 1325 1311 βμετ-Ξ
1248 904 1322 967 ,Ξ

1337 628 1399 1301 ἓξῧέξέεβίὲΰέἒΐ

339 1658 405 1721 Quid
420 1660 569 1708 recitaturus
585 1659 726 1708 circumdas
745 1626 838 1708 vdllcra
856 1658 938 1708 collo?
956 1692 1207 1712 ........
1273 1662 1318 1726 IV,
1335 1662 1371 1715 41.

339 1728 425 1789 „Quid
444 1728 540 1775 sentis“
560 1727 644 1789 inquis
663 1727 949 1788 ,‚denostris,Mnrce,
968 1727 1096 1777 libellisi“
1129 1762 1136 1775 .
1164 1766 1171 1779 .
1200 1764 1207 1779 .
1285 1732 1318 1793 V,
1335 1728 1371 1785 00.

339 1797 419 1857 Quid,
436 1795 522 1853 stulte,
538 1798 631 1845 nostris
649 1797 764 1845 versibus
781 1804 840 1845 tuos
858 1798 969 1846 misces?
993 1830 1207 1849 .......
1267 1800 1303 1861 X,
1321 1798 1371 1853 lm.

340 1866 406 1926 Quid
423 1872 461 1922 te,
479 1865 576 1924 Tucca,
595 1866 664 1914 iuvat
678 1865 762 1916 vetulo
779 1866 885 1914 miscere
899 1866 1005 1916 Falerno
1027 1900 1207 1917 ......
1296 1870 1317 1929 1.
1335 1866 1371 1921 lt

339 1935 406 1995 Quid
419 1935 463 1982 tibi
479 1935 610 1983 nobiscum
628 1942 679 1994 est,
699 1932 753 1983 ludi
771 1934 891 1984 scelerate
909 1938 1030 2000 magister
1058 1969 1206 1987 .....
1272 1938 1318 1999 IX,

338 2003 405 2063 Quid
417 2003 491 2052 vellis
508 2004 634 2063 vetulum,
654 2004 744 2069 Ligia,
761 2006 891 2053 cunnum?
919 2038 1206 2057 .........

339 2073 447 2132 Quidam
467 2087 506 2120 me
522 2073 610 2132 morlo,
630 2072 709 2132 Rufe,
729 2072 864 2138 diligenter
885 2108 1206 2124 ..........
1271 2076 1307 2129 VI

338 2138 466 2203 Quidquid
482 2143 535 2206 agit
550 2141 644 2200 Rulus,
663 2142 726 2190 nihil
744 2150 783 2191 est
800 2142 850 2189 nisi
867 2141 962 2191 Naevia
978 2141 1045 2191 Rufo
1061 2176 1205 2193 .....

338 2211 464 2272 Quidquid
480 2211 505 2258 in
524 2208 623 2275 Orpheo
639 2210 762 2274 Rhodope
777 2218 905 2274 spectasse
920 2210 1017 2261 theatro
1058 2246 1064 2259 .
1093 2248 1100 2261 .
1128 2246 1135 2261 .
1162 2249 1169 2262 .
1198 2248 1205 2263 .
1310 2250 1319 2265 .
1360 2246 1368 2263 .

337 2278 465 2340 Quidquid
483 2279 616 2328 Parrhasia
631 2281 725 2329 nitebat
742 2280 800 2331 arula
815 2315 1030 2331 .......
1040 2340 1044 2347 ¹
1058 2315 1205 2331 .....

337 2346 466 2409 Quidquid
479 2349 583 2412 ponitur
597 2348 657 2398 hinc
673 2358 697 2397 et
714 2349 773 2397 inde
790 2349 872 2398 verris
884 2383 1206 2401 ..........

338 2416 454 2478 Quinque
472 2419 534 2466 satis
552 2416 662 2468 lucrant:
679 2433 737 2466 nam
750 2430 795 2467 sex
814 2424 944 2481 septemve
961 2417 1040 2468 libelli
1057 2453 1205 2471 .....

337 2485 428 2545 Quinto
447 2484 597 2535 Caledonios
615 2486 689 2536 Ovidi
707 2488 792 2535 visure
805 2484 939 2536 Britannos
953 2522 1205 2538 ........

339 2554 509 2615 Quintiliane,
528 2570 609 2619 vagae
624 2556 766 2605 moderator
783 2570 880 2604 stimme
896 2556 1011 2607 iuventae
1026 2590 1204 2607 ......

336 2623 456 2681 Quintum
471 2638 516 2687 pro
532 2624 708 2688 Docimo,pro
727 2622 830 2684 Crasso,
844 2623 955 2688 Regulo,
973 2626 1083 2675 Macrum
1127 2660 1134 2673 .
1161 2663 1168 2676 .
1197 2660 1205 2677 .

337 2691 443 2750 Quintus
461 2699 603 2741 nostrorum
622 2693 684 2742 liber
697 2699 749 2752 est,
768 2693 896 2757 Auguste,
911 2695 1024 2743 iocomm
1056 2728 1204 2745 .....

336 2759 399 2819 Quis
413 2759 484 2809 labor
500 2762 525 2809 in
543 2760 646 2825 phiala?
662 2762 730 2811 docti
747 2762 818 2826 Myos
837 2777 901 2812 anne
918 2761 1054 2828 Myronos?
1095 2798 1102 2811 .
1127 2798 1133 2811 .
1161 2800 1168 2815 .
1196 2798 1205 2813 .
1305 2800 1316 2827 ,

336 2828 398 2886 Quis
411 2829 540 2879 Palatinos
556 2831 669 2879 imitatur
687 2831 797 2895 imagine
813 2830 898 2881 voltus
926 2864 1204 2883 .........
1312 2870 1320 2895 ‚

336 2898 398 2957 Quis
414 2914 477 2962 puer
494 2899 534 2949 hic
552 2901 640 2948 nitidis
658 2900 758 2949 absistit
776 2900 905 2950 Ianthidos
921 2901 995 2950 undis
1022 2934 1204 2953 ......
1306 2940 1318 2965 ,

337 2966 412 3025 Quis,
429 2984 506 3032 rog,o
525 2976 576 3016 tam
591 2969 682 3029 durus,
701 2969 757 3030 quis
775 2975 827 3017 tam
844 2969 892 3019 luit
910 2968 952 3019 ille
969 2970 1133 3035 superbus.
1160 3006 1167 3020 .
1196 3004 1203 3019 .

337 3034 398 3093 Quis
413 3043 437 3085 te
452 3005 572 3086 Phidiaco
592 3005 739 3095 formulam,
756 3037 834 3096 Iulia,
855 3038 924 3087 caelo
953 3073 1203 3089 ........

336 3104 404 3163 Quis
415 3106 461 3154 tibi
479 3106 604 3169 persuasit
620 3121 693 3155 nares
709 3106 839 3155 abscidere
853 3106 975 3158 moecho?
987 3142 1203 3158 .......

336 3172 455 3236 Quisquis
473 3174 617 3224 Flaminiam
632 3177 706 3234 teris,
726 3176 807 3224 viator
818 3210 1203 3227 ............
1267 3176 1313 3237 Xl,
1331 3174 1370 3231 ld.

336 3241 454 3305 Quisquis
474 3242 538 3292 laeta
553 3245 603 3292 tuis
620 3251 645 3292 et
662 3259 718 3293 sera
733 3244 879 3308 parentibus
898 3252 973 3309 optus
988 3280 1203 3295 .......
1279 3246 1314 3307 X,
1331 3244 1370 3299 71.

336 3310 456 3373 Quisquis
474 3311 585 3363 stolaeve
604 3327 763 3377 purpuraeve
776 3321 932 3378 contemptor
954 3349 1204 3364 ........
1297 3314 1331 3377 X,
1346 3312 1369 3365 0.

336 3379 390 3437 Quo
406 3381 488 3444 possit
502 3380 554 3429 fleri
576 3382 664 3440 modo,
684 3380 776 3431 Severe
815 3417 1204 3435 ............
1258 3384 1315 3445 vlt,
1330 3380 1369 3435 ³1·

336 3446 391 3505 Quo
409 3459 449 3505 tu,
467 3464 533 3511 quo,
549 3450 613 3500 liber
630 3450 824 3514 otiose‚tendis
847 3486 1098 3502 ........
1116 3480 1133 3501 -.
1159 3488 1168 3503 .
1196 3487 1204 3503 .
1291 3452 1334 3513 Xl,
1348 3452 1367 3503 1.

336 3514 391 3573 Quo
410 3516 448 3564 tis
464 3532 562 3579 ermque
580 3519 634 3569 loco
650 3528 722 3583 potes
741 3518 808 3568 huno
823 3519 895 3569 linire
911 3520 1024 3569 libellum
1054 3555 1204 3571 .....
1227 3521 1298 3583 XIV,
1315 3524 1336 3579 1,
1344 3534 1366 3573 ι.

277 3616 282 3627 .
337 3583 408 3641 Quod
426 3584 501 3648 alpha
518 3588 585 3648 dixi,
605 3587 700 3643 Corde,
717 3586 908 3652 paenulatorum
918 3623 1203 3640 .........

336 3652 409 3711 Quod
428 3655 544 3705 t'aietano
563 3656 858 3724 reddis,Pol5‚charme
875 3657 980 3708 tabellas
1021 3694 1026 3707 .
1055 3693 1063 3706 .
1091 3693 1097 3707 .
1160 3696 1168 3710 .
1196 3694 1205 3711 .

335 3720 408 3780 Quod
423 3720 517 3772 clamas
535 3739 649 3792 semper,
669 3727 737 3789 quod
755 3727 888 3792 agentibus
905 3728 1042 3793 obstrepiS,
1058 3727 1132 3777 Aeli.
1160 3764 1167 3778 .
1196 3772 1205 3785 ,
