3267 4409
538 444 879 525 EPIGIIAMMATON
892 445 966 508 LIB.
981 446 1034 511 lv.
1249 447 1310 510 103

704 648 868 710 LXXVIII.

350 765 488 830 Condita
502 783 572 826 cum
586 765 643 825 tihi
658 765 699 825 ait
713 764 774 822 iam
787 762 975 839 sexagesima
989 764 1098 824 messis

392 852 436 912 Et
449 850 549 911 facies
563 846 661 909 multo
677 845 841 928 splendeat
855 844 923 905 alba
937 843 1020 924 pilo,

352 934 590 996 DiscurrIs-tota
604 951 697 1010 vagus
710 932 807 1008 urbe,
830 947 888 988 nec
902 928 966 989 ulIa
981 929 1128 993 cathedra
1142 938 1206 1013 est,

394 1018 454 1079 cni
467 1035 532 1077 non
541 1026 635 1075 ‘mane
649 1016 732 1075 feras
746 1015 937 1092 irrequietus
952 1014 1035 1090 Ave,

333 1101 393 1164 ont
405 1102 474 1160 siue
487 1106 522 1162 te
535 1098 613 1160 nulli
627 1099 674 1159 fas
689 1103 738 1159 est
750 1097 879 1178 prodire
895 1099 1037 1178 tribuno,

391 1183 461 1245 Nec
480 1190 567 1244 caret
581 1183 685 1243 officio
703 1180 811 1242 consul
825 1187 958 1260 uterquc
972 1188 1044 1258 tuo;

353 1267 395 1328 Iit
408 1286 496 1328 sacro
508 1267 635 1328 deciens
647 1267 766 1346 repetis
782 1264 900 1325 Palatia
915 1264 993 1326 clivo

395 1350 584 1431 Sigerosque
605 1369 709 1411 meros
723 1350 972 1427 Partheniosque
986 1368 1086 1412 sonas.

354 1434 439 1495 llaec
452 1435 570 1495 iaciant
584 1438 658 1495 sane
671 1436 816 1495 iuvenes:
840 1432 1025 1513 deformius,
1045 1435 1140 1514 Afer,

323 1524 350 1580 lt
394 1517 526 1579 Omnino
541 1517 622 1579 nihil
637 1524 687 1583 est
700 1515 861 1577 ardalione
875 1533 960 1578 sene.

721 1649 858 1711 LXXIX.

357 1763 475 1844 Hospes
490 1782 561 1837 eras
575 1766 675 1825 nostri
689 1782 829 1845 semper,
851 1762 978 1842 Matho,
1000 1763 1168 1826 Tiburtini

393 1848 462 1909 Iloc
476 1850 564 1913 emis.
593 1849 741 1931 Imposui:
763 1865 817 1907 rus
832 1848 890 1907 tihi
903 1846 1003 1908 vendo
1021 1856 1114 1908 tuum.

725 1980 847 2041 LXXX.

361 2090 513 2153 Declamas
525 2092 559 2151 in
573 2092 681 2170 febre,
700 2091 829 2152 Maron:
849 2092 928 2151 hanc
944 2109 1013 2151 esse
1028 2094 1198 2173 phrenesin

395 2175 433 2236 Si·
443 2177 564 2257 nescis,
585 2195 648 2235 non
662 2194 697 2236 es
711 2195 819 2253 sanus,
841 2175 938 2235 amice
953 2174 1074 2240 Maron.

354 2257 515 2334 [Declamas
530 2277 640 2338 aeger,
662 2258 815 2319 declamas
829 2260 1060 2320 hemitritaeos:

396 2342 428 2403 Si
442 2342 557 2404 sudare
572 2342 664 2403 allter
677 2363 740 2402 non
753 2350 860 2425 potes,
877 2348 932 2402 'est
949 2344 1053 2422 ratio]

347 2424 488 2504 5,Ilagna
502 2433 607 2487 tamen
619 2445 672 2487 res
687 2428 767 2488 est.“
794 2427 907 2501 Erras3
929 2445 997 2486 cum
1011 2428 1131 2488 viscera
1144 2427 1242 2490 febris

395 2509 520 2591 haurit,
542 2529 595 2572 res
607 2517 655 2571 est
667 2529 776 2590 magua
789 2517 913 2590 tacere,
933 2511 1055 2574 Maron.

722 2643 856 2705 LXXXI.

307 2758 309 2827 ζ
363 2750 545 2834 Epigramma
559 2758 698 2814 nostrum
712 2773 779 2813 cum
796 2752 926 2815 Fabulla
939 2754 1082 2837 legisset,

307 2834 309 2897 I
365 2833 473 2916 Negare
489 2837 604 2898 nullam
619 2857 678 2917 quo
695 2855 810 2917 queror
825 2837 1017 2919 puellarum,

307 2912 308 2991 l
365 2915 457 2982 Semel
469 2928 579 3000 rogata
593 2922 702 3000 hisque
717 2928 829 2998 terque
844 2920 984 3001 neglexit

307 2994 313 3065 I
365 2998 467 3066 Preces
482 3006 620 3066 amantis.
648 3005 726 3081 lam,
746 3003 894 3084 Fabulla,
916 3007 1081 3087 promitte:

307 3114 308 3123 κ
351 3082 474 3166 tNegare
488 3089 582 3167 iussl,
602 3107 776 3170 pernegare
789 3108 852 3149 non
866 3091 950 3155 iussi.

709 3235 866 3298 Lxxxll:

364 3340 418 3405 IIos
430 3352 553 3426 quoque
567 3347 746 3408 commenda
758 3348 929 3429 Venuleio,
948 3350 1044 3428 Rufe,
1065 3346 1192 3411 libellos

397 3427 527 3510 Imputet
544 3436 577 3491 et
589 3432 679 3490 nobis
696 3432 758 3492 otia
770 3453 879 3513 parva,
901 3453 992 3512 roga,

365 3506 512 3573 Inmemor
527 3520 560 3574 et
573 3513 695 3594 paulum
710 3535 851 3576 curarum
865 3535 1055 3597 operumque
1071 3535 1195 3578 suorum

398 3595 462 3656 Non
476 3599 589 3663 tetrica
603 3617 699 3676 nugas
714 3601 815 3678 exigat
831 3590 905 3660 au‘re
920 3619 1014 3660 meas.
1115 3666 1122 3680 ,

350 3672 421 3738 tSed
436 3699 494 3742 nec
507 3686 579 3762 post
586 3683 725 3764 primum
738 3680 824 3764 legat
838 3684 916 3746 haec
933 3703 1118 3746 summumve
1132 3688 1292 3766 trientem,
1305 3728 1310 3737 ·
