3267 4409
372 490 378 498 .
484 439 500 449 ”
531 450 979 516 umoaamua'rouam.
994 452 1044 513 rx.
1165 474 1168 481 ·
1259 416 1320 518 iao

363 605 500 668 Grandis
514 605 546 665 iu
562 605 700 665 aetherio
715 603 790 664 licet
805 606 905 664 auctio
920 605 975 664 liat
989 601 1119 684 Olympo

411 692 630 769 Coganturque
647 688 698 748 dei
712 688 848 747 vendere
864 687 1013 767 quidquid
1029 689 1158 748 habent:
1216 726 1222 731 -

342 774 575 836 aconturbabit
589 771 694 849 Atlas,
714 779 747 832 et
760 791 823 831 nou
838 775 899 835 erit
912 773 1001 831 uncia
1015 778 1097 849 tota,

405 857 538 918 Decidat
551 862 653 917 tecum
667 876 727 934 qua
739 862 829 935 pater
844 858 911 936 ipse
926 853 1025 917 deum.

363 942 425 1002 Pro
442 940 627 1022 Capitolinis
642 940 715 1019 quid
730 941 813 1000 enim
828 941 886 1000 tibi
900 938 1022 1001 solvere
1037 936 1180 1018 templis,
1205 970 1209 978 ‚

406 1011 488 1102 Quid
501 1045 559 1106 pro
574 1025 727 1103 Tarpeiae
742 1023 863 1084 frondis
879 1025 999 1084 honore
1012 1023 1136 1104 potest?

364 1108 445 1186 Quid
459 1129 516 1188 pro
532 1108 713 1169 culminibus
727 1110 857 1186 geminis
871 1114 1010 1168 matrona
1024 1106 1212 1167 Tonantis‘l·
1280 1124 1283 1130 ·

322 1204 356 1256 10
403 1191 530 1253 Pallada
542 1199 724 1273 praetereo:
745 1211 798 1252 res
811 1194 874 1271 agit
889 1191 943 1252 illa
957 1199 1033 1253 tuas.

364 1276 446 1353 Quid
460 1274 571 1357 loquar
583 1274 716 1336 Alciden
731 1276 952 1355 Phoebumque
965 1277 1095 1356 piosque
1109 1273 1269 1335 Laconas?

405 1359 521 1421 Addita
536 1360 610 1441 quid
623 1360 711 1420 Latio
726 1357 833 1420 Flavia
850 1359 964 1441 templa
976 1358 1072 1440 polo‘.l

360 1445 517 1525 Expectes
530 1453 564 1506 et
577 1445 744 1522 sustineas,
763 1445 916 1522 Auguste,
938 1461 1069 1504 necesse
1082 1449 1147 1504 est:

403 1529 481 1589 Nam
494 1531 552 1590 tibi
566 1527 649 1608 quod
663 1526 762 1589 solvat
775 1529 946 1589 nonhabet
959 1548 1030 1589 arca
1044 1528 1132 1588 lovis.

360 1759 507 1822 Aureolis
520 1761 600 1821 futui
616 1781 683 1821 eum
696 1663 898 1842 posgffl
911 1762 1029 1824 duobus

404 1844 530 1925 utplus
546 1865 634 1924 quam
649 1846 747 1924 futui,
766 1849 800 1906 si·
812 1844 943 1906 totidem
957 1843 1128 1906 addideris:

359 1927 516 1990 Aureolos
532 1949 549 1989 a
563 1937 595 1989 te
611 1950 666 1989 cur
680 1931 807 2009 accipit,
830 1929 1003 2010 Aeschylo,
1026 1928 1145 1989 denos?

402 2014 473 2074 Non
488 2012 578 2074 fellat
591 2015 670 2108 tanti
685 2014 782 2078 Galla.
811 2013 893 2090 Quid
907 2014 1003 2094 ergo?
1032 2013 1140 2074 Tacei.

676 2148 817 2219 „V.

357 2243 484 2304 Nubere
498 2243 543 2302 vis
560 2243 682 2304 Prisco:
703 2263 765 2303 nou
778 2245 893 2323 miror,
913 2242 1020 2305 Paulae
1043 2243 1159 2323 sapisti.

402 2327 525 2387 Ducere
538 2332 571 2387 te
586 2346 648 2387 uon
662 2326 728 2388 volt
741 2329 881 2389 Priscus:
903 2333 936 2390 et
950 2328 1005 2389 ille
1020 2329 1109 2409 sapit.

766 2463 819 2526 Vl.

358 2560 449 2636 Tibi,
471 2552 587 2620 summe
600 2559 701 2620 Rheni
717 2559 850 2622 domitor
864 2568 897 2623 et
909 2579 1022 2643 pareus
1037 2561 1137 2640 orbis,

357 2643 476 2703 Pudice
490 2645 651 2723 princeps,
673 2647 786 2723 gratias
800 2654 895 2726 agunt
908 2647 1019 2720 urhea3

357 2725 495 2807 Populos
510 2728 681 2788 habebunt:
701 2749 813 2809 parere
827 2733 887 2791 iam
901 2728 1004 2793 scelus
1017 2749 1080 2791 non
1094 2734 1151 2790 est.

356 2811 427 2872 Non
441 2830 520 2891 puer
534 2813 614 2870 avari
629 2819 731 2872 sectus
746 2820 813 2875 arte
828 2815 986 2894 mangonis

334 2895 530 2958 5Virilitatis
545 2894 654 2955 damna
667 2906 787 2958 maeret
801 2905 946 2980 ereptae,
983 2923 985 2927 ¹

356 2979 424 3040 Nec
438 2998 528 3059 quam
543 2982 693 3060 superbus
707 2988 864 3061 computet
879 2983 991 3062 stipem
1005 2978 1096 3058 leno,

356 3064 418 3124 Dat
430 3064 599 3145 prostituto
616 3066 728 3123 misera
741 3072 841 3125 mater
853 3067 973 3125 infanti.

357 3148 417 3223 Qui
431 3165 491 3207 nec
506 3147 597 3207 cubili
610 3149 714 3208 fuerat
732 3155 808 3209 ante
818 3156 851 3209 te
867 3148 1019 3229 quondam
1083 3199 1088 3209 .

356 3231 480 3309 Pudor,
503 3249 572 3291 esse
585 3251 643 3313 per
657 3240 689 3292 te
703 3234 806 3314 coepit
821 3239 854 3294 et
866 3231 1017 3313 lupanari.

688 3388 690 3390 v
759 3358 823 3421 Vll.

359 3456 475 3517 Dicere
490 3453 529 3516 de
544 3456 670 3535 Libycis
682 3455 791 3517 reduci
805 3457 862 3518 tibi
878 3457 1037 3536 gentibus,
1060 3455 1154 3534 Afer,

400 3542 563 3601 Continuis
577 3539 660 3601 volui
674 3543 809 3620 quinque
825 3541 933 3602 diebus
948 3542 1023 3603 Ave.

355 3623 426 3686 Non
438 3630 541 3702 vacat,
568 3631 622 3684 aut
639 3623 768 3703 dormit,
788 3625 968 3686 dictumest
985 3626 1034 3686 bis
1047 3631 1159 3704 terque
1173 3640 1308 3684 reverso.

397 3708 460 3770 lam
473 3710 547 3770 satis
563 3714 628 3790 est,
646 3709 740 3770 Afer:
760 3729 825 3770 nou
840 3711 885 3772 ris
900 3728 1006 3772 areret
1026 3708 1104 3772 vale.
