3267 4409
326 460 390 526 208
651 461 696 524 Μ.
710 460 802 526 vm..
819 462 1045 526 mnarum

409 612 575 677 Nolentem
594 615 749 695 sequitur,
768 621 942 695 tenuesque
956 634 1084 677 reversa
1096 634 1158 697 per
1172 636 1240 679 uun

452 699 513 762 Vel
528 698 610 780 pede
624 698 673 759 vel
688 706 795 778 tergo,
817 701 904 760 crine
917 699 968 760 vel
980 718 1082 779 ungue
1099 699 1202 765 sedet.

389 785 544 847 5Lubrica
558 784 689 863 Corycio
706 785 840 861 quamvis
853 784 916 844 sint
928 782 1047 864 pulpita
1060 785 1167 847 nimbo
1231 812 1234 819 ·

451 869 493 929 Et
507 869 628 948 rapiant
643 865 764 926 celeres
777 865 847 927 vela
862 874 973 946 negata
986 868 1075 947 Notl,

411 952 544 1014 Securos
558 952 648 1032 pueri
662 950 806 1029 neglecta
819 951 1013 1033 perambulat
1028 957 1132 1033 crtus,

452 1039 494 1099 Et
508 1041 601 1096 nocet
617 1036 728 1095 artifici
741 1042 851 1095 ventus
867 1041 900 1096 et
913 1034 995 1097 unda
1008 1035 1097 1097 nihil.

411 1122 455 1183 Ut
472 1138 602 1201 peccare
616 1118 710 1197 velis,
731 1140 798 1179 cum
812 1120 928 1181 feceris
943 1121 1060 1199 omnio,
1080 1117 1154 1181 falli

371 1217 405 1270 10
452 1206 521 1266 Non
535 1211 639 1286 potes:
660 1210 726 1263 arte
742 1223 817 1285 opus
834 1210 898 1283 est,
921 1211 956 1266 ut
969 1205 1027 1265 tibi
1040 1224 1148 1286 parma
1163 1204 1240 1269 cuda

776 1337 914 1400 XXXIX.

406 1453 514 1513 Prima
528 1449 669 1512 Palatino
684 1449 735 1511 lux
750 1458 798 1511 cst
815 1452 893 1511 haec
908 1456 976 1511 orta
990 1450 1143 1533 Tonanti,

453 1537 600 1616 Optasset
615 1534 734 1616 Cybele
751 1537 985 1615 quapeperisse
999 1536 1112 1603 lovem.

411 1621 477 1681 Huc
495 1625 528 1680 et
542 1626 646 1680 saneta
660 1621 721 1680 mei
735 1621 839 1698 genita
855 1625 903 1679 est
918 1620 1070 1681 Caesonio
1083 1622 1164 1686 Rufi.

453 1704 529 1764 Plus
547 1703 642 1764 debet
657 1705 747 1764 matri
761 1703 846 1764 nulla
859 1701 966 1784 puella
980 1723 1063 1765 suae.

391 1790 564 1852 5Laetatur
579 1790 698 1866 gemina
712 1794 853 1848 votorum
867 1795 952 1848 sorte
966 1789 1111 1868 maritus,

453 1873 593 1952 Contigit
605 1874 687 1934 huuc
700 1871 750 1932 illi
764 1872 846 1953 quod
861 1873 909 1933 bis
922 1891 1024 1934 amare
1042 1871 1133 1939 diem.

817 2007 882 2070 XL.

412 2122 561 2202 Tarpeius
576 2120 730 2182 Diodorus
745 2119 783 2181 ad
799 2142 928 2184 coronas

400 2206 537 2287 'Romam
554 2227 621 2267 cum
636 2212 761 2286 peteret
776 2207 878 2267 Pharo
893 2206 1020 2286 relicta,

410 2291 503 2352 Vovit
517 2311 574 2369 pro
592 2290 695 2351 reditu
711 2292 769 2350 viri
784 2291 958 2369 Philaenis,

411 2372 499 2433 Illum
512 2374 648 2454 lingeret
661 2381 696 2434 ut
710 2373 816 2454 puella
831 2375 977 2458 simplex,

391 2459 511 2534 bQuam
527 2468 627 2519 castae
644 2478 764 2538 quoquc
782 2458 913 2537 diligunt
928 2460 1066 2520 Sabinae.

411 2543 558 2622 Dispersa
573 2553 640 2603 rate
655 2545 796 2603 tristibus
810 2544 957 2623 procellis

410 2628 535 2687 Mersus
549 2629 692 2689 fluctibus
708 2630 896 2705 obrutusque
910 2637 1005 2709 ponto

412 2711 462 2770 Ad
476 2718 578 2771 votum
594 2713 746 2772 Diodorus
762 2715 904 2772 enatavit.

414 2797 440 2855 0
457 2796 562 2855 tardus
577 2799 667 2855 nimis
684 2803 716 2854 et
730 2798 819 2874 piger
834 2797 973 2856 maritus!

370 2889 403 2941 10
410 2881 477 2939 Hoc
491 2883 523 2939 in
537 2881 631 2941 litore
646 2882 673 2940 si
686 2879 789 2959 puella
802 2888 904 2940 votum

412 2965 554 3024 Fecisset
568 2985 652 3042 mea,
672 2965 812 3044 protinus
828 2965 988 3025 redissem.

807 3099 883 3159 XLI.

412 3211 557 3287 Pontice,
580 3209 661 3288 quod
676 3230 829 3288 nunquam
844 3209 954 3287 futuis,
977 3209 1032 3269 sed
1046 3209 1163 3290 pellice
1179 3211 1240 3287 laer

453 3296 559 3354 Uteris
575 3301 608 3352 et
622 3294 740 3355 Veneri
755 3295 851 3353 servit
868 3296 963 3353 amica
977 3314 1101 3373 manus,

410 3379 479 3438 Hoc
491 3377 570 3436 nihil
582 3397 650 3437 esse
662 3385 751 3457 putas
761 3379 776 3436 ’ἒ
787 3378 889 3438 scelus
903 3384 961 3456 est,
974 3380 1050 3437 mihi
1062 3379 1168 3459 crede,
1180 3381 1239 3442 sed

455 3464 608 3538 Quantum
622 3464 670 3522 vix
685 3465 783 3522 animo
800 3463 935 3542 concipis
950 3465 1017 3542 ipse
1032 3470 1095 3525 tuo.

390 3545 531 3625 5Nempe
546 3543 643 3606 semel
657 3548 767 3624 futuit,
790 3553 956 3624 generaret
969 3548 1116 3607 Horatius
1133 3558 1168 3610 ut
1181 3557 1240 3611 tres

453 3631 539 3690 Mars
553 3630 667 3709 semel,
689 3638 723 3690 ut
737 3633 874 3709 geminos
890 3631 944 3690 llia
959 3638 1041 3691 casta
1056 3630 1154 3693 daret.

415 3713 523 3774 Omnia
536 3715 755 3798 perdiderant,
778 3717 804 3775 si
818 3718 1023 3776 masturbatus
1038 3722 1172 3798 uterque

270 3896 347 3914 ..ι-ι.
