3267 4409
649 545 694 606 M.
706 542 799 607 VAL.
811 540 1039 605 nonnulis

798 745 879 808 XIV.

409 858 529 920 Sedere
543 860 643 940 primo
659 857 769 919 solitus
785 859 819 918 in
834 856 930 936 gradu
946 875 1070 937 semper
1108 886 1111 895 ·

410 945 515 1021 Tunc,
531 964 598 1003 cum
611 943 725 1004 liceret
739 960 909 1021 occupare,
929 941 1103 1022 Nanneius,

407 1029 461 1087 Bis
475 1030 623 1088 excitatus
639 1033 750 1106 terque
764 1024 924 1086 transtulit
938 1031 1054 1104 castra,

408 1113 450 1171 Et
463 1114 547 1171 intcr
560 1114 642 1191 ipsas
656 1129 755 1192 paene
770 1112 883 1170 tertius
897 1106 991 1170 sellas

387 1196 486 1256 5Post
502 1197 671 1272 Gaiumque
683 1195 873 1271 Luciumque
889 1192 1039 1254 consedit.

408 1279 631 1364 lllinclcucullo
646 1280 797 1359 prospicit
810 1283 901 1357 caput
914 1283 1016 1337 tectus

410 1363 570 1442 Oculoque
584 1362 675 1423 ludos
690 1369 810 1443 spectat
823 1361 972 1421 indecens
984 1380 1057 1421 nno.

408 1447 451 1508 Et
465 1449 537 1506 hinc
552 1449 646 1506 miser
662 1446 801 1507 deiectus
816 1447 849 1505 in
863 1447 941 1507 viam
955 1446 1083 1524 transit,

411 1529 628 1610 Subsellioque
643 1529 816 1590 semifultus
832 1537 970 1591 extremo

370 1625 403 1676 10
409 1615 451 1674 Et
464 1613 544 1675 male
558 1621 704 1697 receptus
719 1614 819 1675 altero
835 1632 915 1693 genu
929 1611 1039 1692 iactat,

409 1699 516 1778 Equiti
530 1698 642 1760 sedere
657 1700 810 1777 Leitoqnc
826 1717 860 1759 se
877 1704 971 1760 stare.

813 1864 881 1928 XV.

413 1992 545 2068 Quintus
559 1996 735 2051 nostrorum
749 1987 833 2050 liber
848 1995 912 2067 est,
931 1991 1085 2069 Auguste,
1105 1990 1261 2066 iocorum,

453 2076 495 2136 Et
511 2077 651 2154 queritur
664 2073 767 2135 laesus
783 2076 918 2133 carmine
931 2094 1020 2134 nemo
1035 2093 1121 2151 meo,

412 2159 535 2220 Gaudet
548 2162 699 2220 honorato
717 2159 774 2219 sed
788 2156 901 2218 multus
914 2160 1038 2218 nomine
1053 2157 1172 2238 lector,

453 2244 511 2304 Cui
525 2246 642 2305 victura
657 2263 726 2303 meo
741 2262 869 2313 mopere
883 2244 963 2303 fama
978 2241 1077 2303 datur.
1196 2286 1198 2291 .

391 2327 516 2404 5„Quid
528 2334 630 2387 tamen
642 2329 718 2387 baec
729 2334 860 2406 prosunt
873 2327 1006 2405 quamvis
1019 2327 1199 2388 venerantia
1211 2326 1299 2399 multu

453 2410 523 2470 Non
536 2413 657 2492 prosint
673 2429 763 2489 sane,
784 2429 834 2471 me
850 2418 952 2470 tamen
967 2411 1026 2471 ista
1033 2411 1153 2474 iuvant.

802 2574 885 2638 XVI.

413 2699 501 2759 Seria
517 2719 584 2759 cum
598 2701 730 2780 possim,
753 2702 835 2781 quod
853 2701 1041 2764 delectantia
1054 2701 1133 2763 malo

455 2783 618 2861 Scribere,
639 2791 672 2844 tu
687 2805 777 2844 causa
792 2805 843 2864 es,
865 2788 966 2847 lector
981 2789 1093 2863 amico,
1114 2787 1210 2866 mihi,

412 2868 471 2953 Qui
485 2865 565 2946 legis
581 2875 613 2928 et
627 2874 693 2928 tota
707 2876 811 2929 cantas
827 2889 893 2932 mea
909 2874 1042 2930 carmina
1056 2872 1167 2931 Roma:
1200 2906 1203 2913 ·

455 2951 518 3011 Sed
531 2953 648 3028 nescis,
671 2955 775 3032 quanti
790 2961 854 3014 stet
869 2957 944 3014 mihi
957 2954 1029 3015 talis
1044 2975 1137 3016 amor.

390 3035 489 3097 5Nam
503 3037 529 3095 si
544 3035 678 3097 falciferi
693 3037 866 3099 defendere
883 3038 1000 3120 templa
1014 3038 1166 3099 Tonantis

453 3119 661 3198 Sollicitisque
676 3122 768 3183 velim
782 3120 920 3184 vendere
934 3125 1029 3184 verba
1046 3125 1127 3199 reis,

409 3203 565 3265 Plurimus
577 3206 728 3285 Hispanas
744 3209 848 3268 mittet
862 3209 936 3268 mihi
950 3214 1042 3268 nauta
1055 3211 1206 3268 metretas

454 3290 566 3367 Etfiet
578 3292 662 3350 vario
675 3292 819 3352 sordidus
835 3311 908 3352 aere
925 3294 1019 3352 sinus.

412 3373 453 3430 At
467 3393 547 3434 nunc
566 3377 691 3435 conviva
706 3385 755 3436 est
769 3377 1012 3453 comissatorque
1025 3373 1169 3452 libellus,

369 3466 403 3516 10
451 3456 493 3515 Et
507 3463 624 3517 tantum
639 3462 733 3537 gratis
748 3461 859 3539 pagina
870 3465 976 3517 nostra
990 3458 1103 3538 placet.

411 3538 474 3598 Sed
488 3560 549 3598 non
565 3548 597 3600 ct
613 3546 736 3602 veteres
752 3543 892 3601 contenti
908 3541 1001 3601 lande
1016 3545 1159 3619 fuerunt,

453 3623 530 3682 Cum
544 3626 699 3685 minimum
715 3628 776 3685 vati
790 3646 898 3686 munus
913 3625 1019 3686 Alexis
1033 3631 1110 3688 erat.

410 3705 541 3784 ,‚Belle“
556 3708 658 3785 inquis
672 3710 789 3786 „dixtit
811 3712 909 3787 iuvat,
933 3716 965 3769 et
979 3708 1171 3769 laudabimus
1185 3707 1299 3788 usque.¹

453 3789 658 3851 Dissimulas‘i
679 3793 775 3853 facies
790 3813 857 3873 rue,
878 3800 971 3876 puto,
993 3792 1190 3855 causidicum:
