3267 4409
703 495 828 545 SA'HBA
845 497 878 544 V.

303 639 354 699 llis
378 657 435 717 ego
459 647 597 698 centenas
617 639 707 698 ausim
733 639 897 718 deposcere
917 657 1018 718 voces,

305 723 359 798 Ut,
381 731 516 801 quantum
540 723 606 781 mihi
627 732 657 782 te
682 725 800 782 sinuoso
825 726 854 783 in
878 733 997 802 pectore
1020 725 1079 800 lixi,

303 807 385 866 Voce
413 806 523 865 traham
544 823 634 883 pura,
659 815 806 885 totumque
831 807 887 867 boc
907 807 997 868 verba
1018 811 1176 887 resignent,

303 890 389 963 Quod
408 889 477 950 latet
500 906 604 948 arcana
624 904 683 948 non
708 890 869 949 enarrabile
893 891 973 950 libra.

303 973 396 1044 Quum
421 974 540 1050 primum
563 972 667 1048 pavido
691 982 790 1032 custos
810 973 878 1032 mihi
900 991 1025 1051 purpura
1048 978 1146 1053 cessit,
1248 989 1283 1042 30

302 1055 445 1134 Bnllaque
466 1056 623 1115 succinctis
636 1054 756 1115 Laribus
779 1058 882 1116 donata
904 1058 1058 1135 pependit;

302 1138 395 1211 Quum
417 1137 513 1198 blandi
537 1140 658 1198 comites
680 1147 797 1216 totaque
820 1141 933 1216 impune
955 1141 1067 1201 Subura

301 1222 434 1281 Permisit
458 1222 603 1298 sparsisse
626 1222 730 1281 oculos
752 1225 806 1282 iam
829 1224 964 1283 candidus
990 1225 1091 1292 umb0;
1184 1258 1194 1268 ·

254 1370 264 1389 ‚
302 1305 455 1382 Quumque
478 1307 533 1363 iter
556 1305 717 1382 ambiguum
742 1314 787 1365 est
813 1315 843 1365 et
862 1309 938 1366 vitae
959 1311 1076 1367 nescius
1099 1326 1181 1369 error

247 1394 254 1401 '
301 1387 428 1448 Deducit
450 1389 578 1466 trepidas
602 1405 714 1448 ramosa
738 1391 766 1448 in
788 1391 911 1467 compita
937 1400 1059 1466 mentes,
1248 1405 1281 1458 35

301 1470 349 1530 lle
372 1471 423 1531 tibi
445 1474 599 1550 supposui:
625 1481 742 1531 teneros
765 1482 795 1533 tu
815 1476 937 1550 suscipis
961 1491 1051 1534 annos

303 1556 472 1630 Socratico,
498 1553 641 1631 Comme,
668 1557 743 1622 sinn:
769 1565 827 1617 tum
848 1557 950 1616 fallere
974 1558 1094 1634 sollcrs¹

303 1637 446 1716 Apposita
468 1641 590 1698 intortos
614 1639 743 1699 extendit
763 1640 866 1717 regula
886 1657 995 1716 mores,
1090 1635 1093 1643 ’

302 1720 339 1780 Et
363 1722 500 1799 premitur
526 1723 636 1782 ratione
658 1719 767 1781 animus
788 1726 923 1803 vincique
948 1724 1071 1801 laborat,

303 1805 510 1883 Artificemque
531 1815 581 1865 tuo
604 1806 682 1865 ducit
706 1806 758 1866 snb
780 1807 888 1884 pollice
911 1809 1029 1867 vultum.
1193 1870 1198 1877 ,
1247 1819 1283 1872 40

303 1887 410 1947 l'ecum
432 1891 536 1948 etenim
558 1889 664 1965 longos
685 1891 799 1949 memini
822 1907 993 1949 consumere
1014 1893 1105 1966 sales,

302 1970 339 2030 Et
361 1979 457 2031 tecum
479 1973 585 2050 primas
609 1973 702 2050 epulis
724 1972 885 2050 decerpere
909 1982 1026 2032 noctes:

301 2053 394 2114 Unum
416 2072 488 2134 opus
512 2063 540 2114 et
559 2057 689 2133 requiem
709 2057 819 2134 pariter
841 2055 1015 2133 disponimus
1038 2057 1132 2133 ambo,

301 2138 398 2216 Atque
420 2139 585 2198 verecunda
606 2139 733 2199 laxamus
757 2140 833 2199 seria
855 2157 963 2199 mensa.

301 2220 364 2280 Nou
387 2222 520 2299 equidem
541 2222 598 2282 boc
626 2223 755 2297 dubites,
778 2222 923 2282 amborum
942 2222 1065 2285 loedere
1087 2233 1168 2283 certo
1247 2235 1280 2286 45

303 2303 475 2364 Consentire
497 2306 559 2366 dies
581 2314 611 2365 et
633 2305 668 2365 ab
690 2323 747 2364 uno
775 2307 871 2365 sidere
894 2307 975 2367 duci:

301 2387 408 2447 Nostra
427 2388 477 2448 vel
498 2388 617 2466 aequali
635 2389 786 2467 suspendit
808 2398 939 2466 tempora
960 2389 1045 2450 Libra
1107 2435 1110 2440 -

301 2471 392 2532 Parca
417 2481 503 2531 tenax
524 2473 602 2547 veri,
625 2490 677 2531 seu
698 2483 763 2533 nata
786 2473 919 2533 lidelibus
944 2474 1017 2535 hora

301 2553 409 2614 Dividit
430 2555 458 2614 in
483 2552 618 2615 Geminos
643 2557 799 2617 concordia
821 2557 879 2617 lata
900 2557 1031 2634 duorum,

301 2634 511 2716 Saturnumque
537 2657 656 2716 gravem
677 2649 778 2700 nostro
799 2640 870 2699 love
893 2637 1048 2718 fra'ngimus
1070 2660 1139 2701 una:
1247 2655 1281 2704 50

301 2719 409 2781 Nescio
430 2721 524 2799 quod,
548 2732 629 2782 certe
651 2733 696 2782 est
718 2723 796 2801 quod
817 2743 863 2782 me
885 2725 936 2783 tibi
958 2733 1101 2801 temperat
1123 2734 1236 2783 astrum.

342 2803 423 2866 Mille
446 2805 588 2865 bominum
612 2809 728 2883 species
751 2816 780 2866 et
802 2824 897 2864 rerum
919 2807 1048 2865 discolor
1068 2825 1153 2875 usus;

300 2887 387 2948 Velle
414 2908 496 2948 suum
518 2891 621 2967 cuique
643 2900 704 2966 est,
727 2909 783 2950 nec
806 2897 875 2948 voto
897 2889 1001 2948 vivitur
1024 2906 1090 2949 uno.

301 2970 447 3032 Mercibus
469 2972 516 3032 bic
537 2972 617 3033 Italis
637 2983 726 3034 mutat
750 2973 803 3033 sub
826 2972 890 3032 sole
911 2973 1024 3031 recenti

301 3054 451 3132 Rugosum
472 3059 557 3134 piper
577 3066 607 3116 et
628 3057 765 3135 pallentis
785 3074 875 3133 grana
897 3056 1009 3130 cumini,

301 3136 355 3197 Hic
377 3147 456 3198 satur
477 3141 585 3216 irriguo
607 3141 714 3199 mavult
734 3150 907 3216 turgescere
930 3155 1031 3199 somno
1039 3153 1052 3206 ;“

300 3220 355 3280 llic
383 3240 485 3300 campo
511 3223 655 3300 indulget3
678 3223 753 3283 hunc
775 3223 840 3282 alea
863 3223 1013 3300 decoquit:
1037 3222 1086 3281 ille
1132 3296 1138 3303 ‘

301 3304 334 3364 ln
351 3305 497 3365 Venerem
509 3308 624 3383 .putris;
650 3308 702 3366 sed
720 3325 805 3385 quum
825 3306 955 3384 lapidosa
976 3305 1116 3382 cheragra

301 3386 438 3466 Fregerit
461 3389 618 3465 articulos,
641 3391 750 3448 veteris
772 3390 889 3450 ramalia
908 3390 978 3466 lagi,

302 3469 382 3531 'lunc
405 3489 522 3532 crassos
542 3475 682 3532 transisse
705 3473 768 3532 dies
789 3473 942 3550 lucemque
962 3472 1119 3550 palustrem
1246 3480 1281 3533 tto

301 3552 338 3613 itt
363 3555 417 3614 sibi
439 3557 494 3616 iam
516 3559 575 3614 seri
598 3559 683 3616 vitam
704 3556 872 3632 ingemuere
895 3557 1036 3616 relictam.
1072 3598 1076 3603 -

301 3637 341 3696 At
361 3646 390 3697 te
412 3641 559 3699 nocturnis
578 3640 655 3699 iuvat
677 3639 882 3718 impallescere
906 3638 1027 3704 chartis:

303 3716 404 3781 Gultor
422 3724 497 3782 enim
520 3724 652 3784 iuvenum
673 3731 810 3802 purgatas
831 3723 935 3782 inseris
965 3740 1048 3783 aures
