3267 4409
649 453 693 516 M.
708 452 801 517 VAL.
817 450 1044 515 MARTIALIS

739 645 742 651 ’
793 654 898 716 111111.

383 798 389 811 “
412 779 483 843 Sola
498 779 557 840 tibi
570 777 696 837 fuerant
710 777 870 854 sestertia,
891 764 1039 851 Milicho,
1060 779 1202 854 centum,
1261 782 1277 837 .'

453 866 538 942 Quae
552 860 625 922 tulit
640 878 658 919 e
673 879 759 920 sacra
774 858 861 919 Leda
874 858 1036 938 redempta
1050 857 1108 919 via.

409 948 556 1025 Miliche,
576 944 697 1004 luxuria
712 950 777 1021 est,
799 945 826 1003 si
840 944 918 1003 tanti
933 942 1018 1003 dives
1033 959 1161 1005 amares.

454 1034 544 1112 „Non
558 1028 647 1090 amo“
660 1029 721 1088 iam
736 1027 836 1088 dicer:
858 1029 936 1089 hacc
951 1044 1071 1106 quoque
1084 1024 1206 1087 luxuria
1224 1036 1284 1092 est.

789 1189 897 1252 LXIV.

410 1312 489 1371 Dum
502 1306 593 1368 modo
610 1305 811 1384 causidicum,
834 1305 906 1366 dum
919 1312 952 1366 te
967 1305 1058 1366 modo
1072 1307 1203 1369 rhetora
1216 1310 1306 1391 lingis

452 1395 495 1455 Et
508 1412 570 1452 non
586 1391 747 1468 decernis,
769 1391 887 1469 Lauro,
911 1391 986 1470 quid
1002 1409 1071 1451 esse
1086 1390 1181 1472 velis,
1249 1464 1253 1471 Ι

410 1474 524 1538 Pele‘os
539 1483 572 1536 et
584 1476 700 1535 Priami
715 1474 829 1534 transit
843 1482 875 1535 et
887 1475 1028 1535 Nestoris
1045 1481 1128 1536 actas

452 1563 494 1623 Et
506 1561 610 1621 fuerat
625 1578 728 1619 serum
742 1560 801 1618 iam
816 1560 875 1618 tibi
889 1558 1043 1621 desinere.

390 1647 534 1725 §Incipe,
555 1650 622 1704 tres
637 1662 698 1702 uno
711 1644 875 1722 perierunt
888 1643 1033 1703 rhetores
1050 1663 1146 1721 anno,

453 1729 486 1790 Si
503 1727 576 1806 quid
590 1729 685 1787 habes
701 1728 809 1802 animi,
832 1727 858 1784 si
874 1726 948 1804 quid
961 1729 994 1786 in
1009 1733 1076 1788 arte
1092 1726 1187 1788 vales.

325 1822 327 1827 '
411 1815 445 1874 Si
460 1812 565 1873 schola
580 1811 756 1887 damnatur,
777 1811 846 1869 fora
859 1809 965 1870 litibus
983 1813 1084 1871 omnia
1096 1811 1238 1891 fervent,

454 1898 524 1978 lpse
538 1901 643 1976 potest
656 1895 727 1954 fieri
741 1894 867 1954 Marsua
882 1895 1062 1957 causidicus.

410 1983 467 2043 Eia
481 2000 554 2059 age,
576 1998 685 2059 rumpe
699 1998 818 2038 moras:
843 1998 901 2056 quo
917 1984 950 2039 te
966 1980 1156 2059 sperabimus
1168 1979 1289 2059 usquc?

370 2076 404 2128 lo
453 2066 532 2126 Dum
546 2064 621 2145 quid
637 2066 679 2125 sis
695 2063 834 2142 dubitas,
856 2065 916 2122 iam
933 2070 1023 2143 potes
1042 2082 1111 2124 esse
1127 2063 1215 2125 nihil.

798 2216 892 2279 LXV.

412 2333 475 2391 Gur
489 2331 661 2390 tristiorem
676 2330 830 2389 cernimus
842 2324 1038 2389 Saleianum?

410 2415 481 2493 „Au
497 2433 586 2474 causa
596 2413 673 2473 levis
690 2414 782 2472 est?“
796 2415 916 2492 inquis,
937 2409 1057 2491 „extuli
1072 2411 1233 2478 uxoremss“

411 2501 437 2558 0
454 2496 570 2577 grande
584 2497 641 2557 sati
656 2498 787 2556 crimen!
810 2517 827 2556 o
843 2516 966 2575 gravem
980 2498 1097 2555 casnm!

411 2583 484 2660 llla,
504 2580 559 2641 illa
574 2580 659 2641 dives
672 2587 792 2641 mortua
807 2587 857 2640 est
871 2579 1066 2658 Secundilla,

391 2669 553 2730 ocentcna
569 2664 694 2724 deciens
710 2684 787 2743 quac
802 2667 860 2726 tibi
875 2665 963 2727 dedit
978 2664 1082 2725 dotis?

411 2751 533 2812 Nollem
548 2748 712 2809 accidisset
728 2751 788 2810 hoc
803 2751 877 2831 tibi,
900 2750 1052 2812 Saleiane.

794 2917 902 2981 LXVI.

411 3035 498 3095 Unus
513 3031 553 3093 de
566 3039 633 3093 toto
649 3038 832 3114 peccaverat
847 3034 922 3093 orbe
938 3050 1092 3092 comarum

454 3116 589 3196 Anulus,
611 3119 731 3178 incerta
745 3138 807 3178 non
821 3119 901 3178 bene
918 3117 997 3176 fixus
1011 3136 1076 3177 acu,

413 3203 480 3263 Hoc
494 3204 613 3262 facinus
626 3202 757 3281 Lalage,
780 3201 906 3282 speculo
928 3199 1011 3280 quod
1027 3199 1165 3278 viderat,
1185 3197 1251 3259 ulta
1266 3203 1316 3258 est

453 3287 495 3346 Et
511 3287 625 3346 cecidit
639 3288 736 3347 saevis
751 3288 812 3346 icta
826 3285 957 3345 Plecusa
971 3285 1074 3343 comis.
1136 3286 1138 3291 ’

274 3393 277 3397 ·
391 3369 528 3429 5Desine
542 3372 617 3448 iam,
640 3370 769 3449 Lalage,
790 3371 898 3429 trister
914 3386 1025 3427 ornare
1041 3365 1189 3448 capillos,

454 3453 575 3529 Tangat
590 3460 623 3512 et
637 3455 776 3513 insanum
790 3451 876 3511 nulla
890 3450 996 3531 puella
1014 3459 1113 3532 capnt.

409 3537 478 3596 Hoc
493 3534 685 3595 salamandra
699 3543 787 3596 notet
800 3535 849 3595 vel
868 3554 956 3596 saeva
969 3537 1116 3598 novacula
1129 3532 1242 3614 nudet,

451 3621 494 3681 Ut
503 3618 600 3699 ¹digna
615 3617 741 3699 speculo
757 3622 811 3681 liat
824 3622 923 3699 imago
937 3626 1000 3681 tuo.
