3267 4409
640 537 642 541 .
708 481 834 530 SATIRA
855 483 893 531 11.

303 622 453 699 Libertas,
477 629 506 682 et
528 620 606 681 crine
629 640 721 683 senex
739 623 879 683 fanaticus
901 620 968 684 albo

304 708 459 769 Sacrorum
481 707 616 782 antistes,
637 713 731 766 rar'um
754 725 789 767 ac
806 705 995 768 memorabile
1017 710 1112 784 magni
1182 752 1189 770 s

305 791 431 853 Gutturis
454 790 618 867 exemplum
641 791 905 870 conducendusque
925 792 1073 867 magister.
1186 803 1190 812 '

304 875 380 948 Quid
395 884 488 934 tamen
505 882 693 953 exspectant,
716 875 843 952 Phrygio
860 870 933 954 quos
950 883 1064 952 tempus
1080 883 1142 936 erat
1158 876 1214 937 iam
1241 890 1291 942 llo

302 958 387 1018 More
410 976 619 1036 supervacuam
641 959 740 1018 cultris
763 959 936 1038 abrumpere
960 955 1097 1018 carnem?

264 1067 269 1076 ·
304 1042 521 1118 Quadringenta
544 1041 788 1121 dedit-Gracchus
813 1045 947 1103 sestertia
969 1043 1066 1102 dotem

304 1125 468 1201 Cornicini,
493 1127 555 1185 sive
577 1125 624 1185 hic
646 1136 727 1185 recto
748 1135 915 1186 cantaverat
936 1145 1022 1186 aere:

303 1211 441 1286 Signatae
463 1209 600 1282 tabulae3
624 1210 729 1270 dictum
751 1208 903 1271 Feliciter!
926 1211 1029 1288 ingens

304 1292 404 1354 Coena
427 1293 525 1367 sedet3
547 1294 658 1370 gremio
677 1296 764 1353 iacuit
786 1311 860 1354 nova
883 1304 970 1372 nupta
992 1295 1094 1354 mariti.

304 1377 329 1437 0
350 1395 510 1456 proceres,
533 1395 657 1437 censore
680 1395 753 1456 opus
772 1387 817 1437 est
836 1396 872 1438 an
893 1371 1179 1456 haruspice'nobis?

302 1463 425 1523 Scilicet
445 1460 584 1521 horreres
602 1463 767 1540 maioraque
790 1472 917 1522 monstra
938 1470 1068 1541 putares,

302 1547 335 1606 Si
358 1546 461 1604 mulier
481 1545 599 1605 vitulum
617 1546 667 1605 vel
689 1547 712 1605 si
735 1545 789 1606 bos
811 1547 914 1607 ederet
933 1542 1059 1623 agnum?
1112 1620 1114 1626 Ι

302 1631 460 1707 Segmenta
482 1638 511 1688 et
534 1630 640 1706 longos
658 1629 771 1689 habitus
794 1639 824 1690 et
845 1631 976 1691 ilammca
995 1629 1090 1706 sumit,

301 1714 419 1772 Arcano
440 1714 488 1791 qui
510 1731 592 1773 sacra
614 1713 713 1773 ferens
731 1715 856 1774 nutantia
885 1715 949 1775 loro

302 1798 433 1859 Sudaviu
454 1798 559 1875 clipeis
581 1797 730 1871 ancilibus.
776 1796 800 1857 0
823 1805 908 1877 pater
925 1798 1014 1875 urbis,

300 1881 386 1942 Unde
408 1881 491 1940 nefas
511 1890 616 1941 tantum
639 1881 725 1942 Latiis
745 1879 931 1962 pastoribus?
954 1884 1029 1942 undo

300 1965 383 2026 Haec
405 1966 514 2041 tetigit,
536 1963 677 2040 Gradive,
699 1974 764 2026 tuos
787 1967 878 2026 urtica
900 1963 1046 2044 nepotes?

302 2048 437 2109 Traditur
459 2067 532 2108 ecce
554 2051 617 2108 viro
641 2048 736 2109 clarus
758 2067 870 2126 genere
892 2059 978 2128 atque
1001 2049 1106 2128 opibus
1125 2049 1184 2109 vir:

301 2132 367 2193 Nec
383 2131 502 2213 galeam
523 2149 661 2210 quassas,
686 2141 871 2193 nectentem
894 2131 1014 2212 cuspide
1036 2134 1146 2212 pulsas,
1242 2142 1290 2196 13⁰

301 2215 366 2277 Nec
390 2219 522 2296 quereris
542 2213 636 2294 patri?
658 2217 734 2277 vade
754 2225 874 2294 ergoet
897 2214 971 2278 cede
993 2219 1092 2278 severi

300 2299 454 2378 iugeribus
471 2301 588 2379 campi,
610 2318 695 2380 quem
718 2301 869 2380 neglegis!
881 2330 926 2347 a·
942 2298 1075 2360 Officium
1098 2317 1163 2360 cras

300 2385 397 2446 Primo
419 2384 482 2444 sole
502 2385 570 2445 milri
592 2385 789 2462 peragendum
812 2387 840 2444 in
858 2384 935 2445 valle
960 2386 1078 2464 Quirini.
1234 2376 1238 2393 '

302 2468 384 2541 Quae
408 2486 503 2529 causa
517 2465 627 2528 oflicii?
649 2470 716 2548 quid
733 2467 876 2548 quaeris?
901 2470 980 2530 nubit
1003 2471 1121 2545 amicus,

300 2550 366 2612 Nec
387 2553 492 2612 multos
510 2552 790 2615 adhibet—liceat
802 2555 889 2615 modo
903 2555 1022 2615 vivere:
1044 2555 1124 2631 fient,

300 2635 385 2696 Fient
405 2638 459 2696 ista
483 2636 595 2714 palam,
620 2640 736 2717 cupient
758 2648 787 2698 et
810 2641 925 2700 inacta
945 2639 1061 2699 reierri.

300 2719 416 2781 Interea
437 2730 608 2781 tormentum
630 2723 733 2799 ingens
751 2723 924 2783 nubentibus
945 2722 1056 2799 haeret,

301 2804 389 2877 Quod
408 2814 554 2883 nequeant
573 2823 678 2883 parere
699 2814 729 2865 et
750 2816 834 2885 partu
854 2809 981 2866 retinere
1003 2807 1148 2877 maritos3·

302 2889 363 2949 Sed
385 2889 504 2964 melius,
528 2890 605 2967 quod
625 2889 666 2948 nil
682 2890 783 2948 animis
804 2893 833 2950 in
853 2886 979 2969 cdrpora
1000 2891 1070 2951 iuris

300 2971 410 3033 Natura
431 2973 577 3050 indulget:
602 2973 718 3032 steriles
740 2976 908 3049 moriuntur,
936 2983 965 3033 et
986 2974 1045 3033 illis
1121 3006 1128 3017 ι

301 3055 429 3133 'l'urgida
450 3075 508 3117 non
525 3057 647 3135 prodest
670 3057 785 3118 condita
808 3058 915 3137 pyxide
937 3056 1027 3132 Lyde,

300 3138 367 3200 Nec
388 3141 509 3219 prodest
530 3141 599 3218 agili
617 3142 727 3220 palmas
748 3140 895 3220 praebere
928 3144 1061 3219 luperco.

299 3225 379 3285 Vicit
400 3233 429 3284 et
452 3226 508 3285 hoc
528 3236 685 3285 monstrum
707 3227 826 3286 tunicati
847 3227 958 3286 fuscina
981 3224 1115 3302 Gracchi,

301 3308 502 3387 bustrauitque
521 3310 590 3387 fuga
612 3310 735 3370 mediam
754 3308 898 3387 gladiator
919 3326 1047 3385 arenam,

301 3391 339 3452 Et
363 3390 534 3471 Capitolinis
557 3395 733 3471 generosior
756 3396 799 3472 [et
820 3393 989 3474 Marcellis,

301 3476 340 3536 Et
362 3474 456 3536 Catuli
479 3477 620 3556 Paulique
650 3470 825 3557 minoribusl'
839 3487 872 3538 'et
893 3476 990 3537 Fabiis
1010 3485 1040 3536 et

302 3559 441 3620 Omnibus
463 3561 499 3622 ad
518 3563 635 3640 podium
657 3562 873 3641 spectantibus,
899 3561 943 3621 his
965 3561 1036 3621 licet
1058 3560 1151 3642 ipsum

301 3644 486 3721 Admonens,
510 3647 591 3704 cuius
612 3655 679 3706 tunc
700 3664 819 3706 munere
842 3647 915 3706 retia
936 3645 1021 3705 misit.

343 3727 422 3790 Esse
444 3730 558 3810 aliquos
578 3748 677 3791 manes
700 3738 730 3791 et
750 3729 939 3806 subterranea
960 3746 1051 3808 regna
