3267 4409
652 475 697 541 M.
713 474 806 540 vnn.
822 459 1048 537 mnunmms

813 678 878 741 LV.

409 792 499 870 Quod
513 811 637 874 semper
653 794 795 873 casiaque
810 793 1013 872 cinnamoque

408 880 450 938 Et
463 877 537 937 nido
552 879 641 958 niger
655 877 737 938 alitis
755 878 907 957 superbae

407 962 540 1040 Fragras
552 960 698 1044 plumbea
711 961 926 1039 Nicerotiana,

408 1044 505 1107 Rides
519 1067 593 1127 nos,
614 1047 788 1123 Coracine,
803 1043 850 1105 nil
864 1044 1002 1104 olentes:

385 1128 509 1210 5Malo,
530 1151 619 1212 quam
635 1133 716 1192 bene
732 1130 838 1208 olere,
859 1128 904 1188 nil
920 1128 1015 1188 olere.

810 1265 888 1327 LVI.

411 1375 501 1454 Quod
517 1378 575 1437 tibi
587 1396 677 1437 crura
689 1376 793 1455 rigent
810 1379 886 1437 setis
901 1382 934 1437 et
947 1382 1076 1457 pectora
1090 1376 1189 1454 villis,
1317 1370 1321 1378 “

452 1460 558 1522 Verba
571 1465 660 1542 putas
673 1460 772 1524 famae
785 1467 836 1538 te,
857 1460 1059 1539 Charideme,
1082 1459 1181 1521 darei

410 1547 554 1624 Extirpa,
576 1545 776 1625 mihicrede,
797 1544 879 1626 pilos
895 1545 935 1604 de
953 1563 1085 1624 corpore
1101 1551 1167 1605 toto

453 1629 563 1707 Teque
577 1627 677 1710 pilare
692 1636 760 1688 tuas
774 1631 944 1690 testificare
959 1635 1057 1692 nates.

390 1714 522 1793 5„Quae
535 1715 614 1773 ratio
630 1714 722 1773 estem
735 1715 855 1792 inquis3
876 1714 936 1774 seis
951 1713 1062 1772 multos
1079 1710 1185 1773 dicere
1200 1711 1306 1774 multa.

451 1799 514 1858 Fac
528 1797 685 1878 predicari
697 1802 746 1877 te,
769 1797 972 1876 Charideme,
992 1802 1112 1879 putent.

717 1942 719 1947 '
802 1930 895 1996 LVII.

410 2047 556 2108 Mentiris
571 2046 660 2106 fictos
677 2051 850 2124 unguento,
871 2045 1015 2123 Phoebe,
1038 2042 1168 2126 capillos
1259 2055 1266 2061 ⁴·

453 2133 494 2192 Et
508 2132 624 2209 tegitur
637 2132 730 2211 pictis
746 2130 871 2190 sordida
886 2128 970 2190 calva
986 2130 1089 2190 comis.
1264 2197 1270 2203 ,

412 2214 584 2276 Tonsorem
600 2216 694 2295 capiti
707 2234 770 2274 non
785 2221 835 2275 est
851 2212 1000 2274 adhibere
1015 2231 1159 2273 necesse:

453 2299 576 2360 Radere
589 2306 622 2360 te
636 2297 747 2360 melius
762 2301 907 2380 spongia,
926 2299 1070 2377 Phoebe,
1088 2302 1202 2380 potest.
1280 2305 1283 2310 '

795 2447 900 2511 LVIII.

413 2563 553 2623 Cernere
567 2561 749 2621 Parrhasios
764 2559 836 2619 dnm
850 2566 883 2620 te
899 2561 1001 2639 iuvat,
1023 2558 1120 2640 Aule,
1142 2561 1263 2623 triones

454 2647 598 2706 Cominus
614 2651 646 2705 et
660 2646 763 2705 Getici
777 2644 881 2704 sidera
893 2645 980 2704 ferre
992 2644 1072 2724 poli,

413 2731 442 2791 0.
454 2750 543 2809 qnam
556 2748 654 2810 paene
670 2730 728 2788 tibi
743 2728 865 2808 Stygias
881 2748 937 2808 ego
953 2735 1059 2809 raptus
1075 2728 1224 2791 acl-undas

453 2813 578 2894 Elysiae
596 2813 658 2874 vidi
672 2812 779 2872 nubila
795 2814 881 2874 fusca
895 2813 1018 2893 plagae!

391 2899 556 2977 5Quamvis
570 2896 652 2958 lassa
666 2903 735 2957 tuos
752 2900 942 2977 quaerebant
957 2895 1073 2957 Iumina
1086 2894 1188 2958 voltus

455 2985 558 3062 Atque
572 2989 641 3042 erat
654 2983 686 3040 in
700 2981 803 3060 gelido
818 2982 967 3062 plurimus
982 3001 1036 3042 ore
1051 2982 1183 3046 Pudens.
1259 2984 1261 2989 ’

413 3067 447 3129 Si
461 3068 536 3127 milri
549 3066 691 3127 lanificae
706 3065 823 3126 ducunt
835 3086 898 3126 non
913 3065 999 3147 pulla
1015 3086 1139 3127 sorores

456 3152 592 3212 Stamina
606 3169 664 3211 nec
680 3150 789 3211 surdos
804 3170 862 3210 vox
875 3152 970 3211 habet
983 3153 1043 3211 ista
1058 3149 1151 3229 deos,

413 3235 538 3316 Sospite
552 3255 602 3296 me
617 3253 724 3314 sospes
739 3235 843 3295 Latias
859 3236 1019 3296 reveheris
1034 3234 1072 3294 ad
1087 3237 1181 3296 urbes

372 3331 406 3383 10
452 3322 495 3384 ut
508 3321 630 3381 referes
644 3319 702 3401 piIi
715 3321 852 3401 praemia
866 3318 966 3380 clarus
982 3338 1086 3400 eques.
1267 3328 1271 3333 ’

811 3452 889 3513 LIX.

412 3566 454 3626 Et
468 3563 553 3627 dolet
568 3573 601 3628 et
618 3567 759 3646 queritur
774 3567 910 3649 sibinen
928 3554 1109 3646 cbntingere
1123 3567 1240 3648 frigus,

410 3722 415 3728 p
455 3651 590 3732 Propter
605 3660 766 3712 sexcentas
780 3652 914 3709 Baccara
927 3654 1124 3733 gausapinas,

414 3735 509 3815 Optat
524 3743 557 3797 et
572 3738 717 3796 obscuras
730 3732 819 3795 luces
832 3740 1003 3816 ventosque
1018 3737 1183 3817 nivesque,
