3267 4409
695 462 820 510 suarna
838 461 889 509 111.
973 512 980 527 x
1247 451 1284 513 13

299 603 434 663 Herculis
453 601 595 661 Antaeum
617 602 753 680 procula
775 600 881 661 tellure
904 600 1039 677 tenentis,

299 688 418 748 Miratur
438 704 543 746 vocem
565 695 732 762 angustam,
758 703 814 762 qua
836 685 963 745 deterius
983 703 1039 744 nec
1250 698 1285 752 90

299 773 354 831 llle
378 780 476 846 sonat,
498 788 555 847 quo
577 770 725 829 mordetur
747 770 855 845 gallina
877 765 1002 829 marito?

298 856 381 915 llaec
403 856 504 914 eadem
527 855 596 913 licet
618 863 647 913 et
665 854 749 913 nobis
772 852 906 914 laudare:
930 853 981 912 sed
1000 852 1059 912 illis

300 938 443 998 Creditur.
488 938 533 997 An
554 938 671 1012 melior,
696 955 781 1015 quum
803 937 913 997 Thaida
927 938 1056 1008 ,sustinet
1077 945 1126 997 aut
1147 955 1231 1017 quum

299 1023 428 1083 Uxorem
450 1022 608 1082 comoedus
631 1023 690 1098 agit
711 1022 760 1080 vel
776 1021 886 1082 Dorida
905 1021 983 1080 nullo
1010 1087 1013 1098 1

301 1105 413 1166 Cultam
432 1102 575 1186 palliolo?
597 1106 700 1165 mulier
721 1123 826 1183 nempe
845 1107 908 1183 ipsa
929 1106 1055 1182 videtur,
1249 1109 1291 1172 95'

298 1190 365 1250 Non
389 1207 515 1270 persona
537 1191 632 1269 loqui:
653 1207 743 1249 vacua
767 1198 796 1248 et
817 1189 902 1268 plana
926 1190 1020 1250 omnia
1042 1189 1122 1250 dicas

298 1274 377 1335 lnlra
396 1272 586 1334 uentriculum
605 1283 634 1333 et
656 1275 736 1334 tenui
757 1274 889 1334 distantia
909 1276 989 1334 rima.

298 1358 363 1418 Nec
385 1367 480 1418 tamen
500 1358 658 1418 Antiochus
680 1376 735 1417 nec
759 1359 813 1417 erit
832 1356 972 1417 mirabilis
991 1357 1051 1417 illic

299 1443 359 1501 Aut
383 1443 544 1503 Stratocles
567 1451 615 1502 aut
638 1460 701 1501 cum
722 1442 801 1502 molli
823 1440 988 1501 Demetrius
1009 1441 1135 1502 Haemo:

298 1526 384 1585 Natio
406 1526 545 1587 comoeda
568 1536 622 1586 est.
667 1526 774 1586 Rides:
796 1527 906 1586 maiore
929 1525 1068 1586 cachinno
1232 1539 1283 1592 loo

298 1607 484 1684 Concutitur3
505 1611 570 1684 liet,
594 1612 618 1669 si
641 1609 775 1670 lacrimas
797 1611 951 1690 conspexit
973 1611 1066 1685 amici,

296 1693 361 1752 Nec
385 1693 480 1765 dolet;
502 1694 657 1770 igniculum
679 1695 797 1754 brumae
821 1696 845 1754 si
868 1703 1001 1772 tempore
1022 1711 1140 1773 poscas,

298 1777 416 1856 Accipit
438 1779 650 1848 endromidem3
671 1780 695 1838 si
717 1779 826 1839 dixeris
849 1789 966 1854 aestuo,
991 1779 1082 1839 sudat.

291 1856 363 1921 ¹'Non
385 1880 481 1922 sumus
502 1881 574 1939 crgo
594 1881 697 1940 pares:
718 1864 837 1938 melior,
861 1865 909 1939 qui
924 1862 1049 1940 'semper
1071 1872 1101 1923 et
1123 1865 1199 1925 onmi

296 1945 393 2005 Nocte
415 1946 520 2023 dicque
542 1956 639 2024 potest
659 1947 752 2007 aliena
774 1964 888 2006 sumere
909 1947 1017 2005 vultum
1235 1959 1282 2010 105

296 2030 324 2089 A
347 2029 432 2106 facie,
453 2033 560 2090 iactare
583 2049 698 2106 manua,
722 2030 840 2090 laudare
864 2039 992 2107 paratus,

297 2114 329 2174 Si
348 2114 424 2173 bene
445 2115 583 2190 ructavit,
605 2115 631 2172 si
650 2123 761 2173 rectum
783 2115 883 2173 minxit
905 2115 1024 2187 amicus,

297 2199 328 2256 Si
350 2197 436 2257 trulla
459 2199 576 2257 inverso
598 2199 739 2275 crepitum
759 2196 836 2258 dedit
858 2215 945 2257 aurea
967 2197 1065 2257 fundo.

295 2281 452 2365 Praeterea
475 2291 604 2342 sanctum
626 2281 695 2342 nihil
718 2290 836 2341 estnec
858 2281 893 2341 ab
915 2282 1030 2358 inguine
1052 2290 1156 2342 tutum:

295 2363 362 2425 Non
381 2374 508 2439 matrona
527 2366 611 2442 laris,
634 2382 692 2426 non
715 2366 772 2427 iulia
793 2366 897 2443 virgo,
919 2384 1016 2444 nequo
1038 2366 1104 2445 ipsc
1231 2377 1283 2432 llo

295 2451 428 2527 Sponsus
450 2450 524 2510 levis
546 2451 655 2526 adhuc,
677 2468 735 2510 non
757 2451 833 2510 iilius
853 2459 918 2510 ante
939 2451 1077 2528 pudicus;

294 2533 404 2592 Horum
427 2537 451 2592 si
473 2534 541 2593 nihil
563 2545 626 2609 est,
650 2535 742 2595 aviam
763 2537 912 2614 resupinat
932 2536 1027 2594 amici.
1297 2578 1308 2623 ,

295 2618 380 2677 Scire
402 2618 502 2677 volunt
523 2628 637 2679 secreta
660 2619 761 2679 domus
782 2629 868 2698 atquc
887 2620 954 2680 inde
975 2620 1079 2679 timeri.

294 2701 332 2761 Et
355 2703 488 2779 quoniam
511 2705 609 2783 coepit
632 2701 808 2764 Graecorum
829 2706 954 2779 mentio,
978 2704 1066 2762 transi

296 2785 449 2860 Gymnasia
472 2796 559 2865 atque
581 2788 646 2870 audi
668 2788 780 2847 facinus
798 2789 915 2848 maioris
937 2787 1070 2847 abollae:
1231 2796 1282 2847 115

295 2871 413 2929 Stoicus
432 2871 542 2930 occidit
561 2870 682 2930 Baream
701 2871 833 2945 delator,
854 2873 975 2931 amicum

293 2953 533 3033 Discipulumque
557 2973 648 3014 senex
669 2957 733 3033 ripa
751 2957 872 3015 nutritus
893 2955 921 3013 in
943 2954 1004 3028 itta,

295 3038 342 3098 Ad
367 3055 450 3116 qnam
470 3037 617 3115 Gorgonei
640 3039 760 3116 delapsa
773 3047 830 3097 ¹est
850 3039 936 3117 pinna
957 3035 1076 3097 caballi!
1096 3102 1099 3106 Α

294 3121 360 3181 Non
383 3132 428 3181 est
448 3122 579 3183 Romano
602 3124 733 3200 cuiquam
755 3122 839 3183 locus
860 3121 923 3197 bic,
945 3119 993 3180 ubi
1015 3128 1118 3197 regnat

294 3207 478 3284 Protogenes
499 3209 602 3286 aliquis
621 3208 670 3267 vel
691 3206 826 3285 Diphilus
845 3215 892 3266 aut
911 3205 1117 3281 llermarchus,
1232 3214 1284 3268 litt

295 3290 351 3363 Qui
373 3293 468 3368 gentis
490 3294 561 3351 vitio
583 3309 733 3369 numquam
754 3293 875 3368 partitur
897 3291 1028 3366 amicum,

294 3375 383 3435 Solus
406 3374 507 3444 habet;
530 3395 594 3437 nam
616 3395 701 3455 quum
723 3375 839 3435 facilem
861 3374 980 3435 stillavit
1000 3374 1148 3434 inaurem

294 3457 438 3537 Exiguum
460 3460 496 3519 de
520 3470 639 3522 naturae
658 3461 830 3539 patriaeque
850 3476 976 3535 veneno,
1088 3473 1091 3477 ·

293 3543 402 3602 Limine
426 3562 627 3621 summoveor,
651 3546 799 3623 perierunt
819 3552 951 3623 tempora
974 3542 1054 3620 longi

295 3629 429 3696 Servitii;
452 3647 592 3707 nusquam
614 3630 706 3689 minor
727 3637 773 3688 est
792 3629 901 3688 iactura
922 3627 1047 3687 clientis.
1231 3634 1280 3687 125

336 3711 423 3788 Quod
444 3731 534 3793 porro
558 3713 699 3789 officium,
720 3731 757 3773 uc
777 3712 863 3773 nobis
884 3711 1031 3789 blandiar,
1054 3719 1102 3773 aut
1121 3710 1202 3789 quod
