3267 4409
536 431 873 536 nrrcmnnnros
887 474 960 570 nra.
975 474 1039 537 vu.
1102 561 1105 567 Ι

354 627 400 686 Ne
416 625 629 685 succensueris
642 625 727 685 uelut
742 627 885 706 superbo.

354 711 403 770 're
418 729 476 790 pro
493 710 626 768 Caesare
642 708 740 769 debeo
756 729 882 788 rogare:

352 793 414 854 Pro
430 811 479 853 me
493 790 596 859 debeo,
609 793 772 854 Caesarem
787 813 907 873 rogare.

751 954 828 1016 uxr.
855 932 857 936 ’

353 1063 534 1125 Abstulerat
548 1072 643 1127 totam
656 1068 840 1128 temerarius
854 1067 978 1126 institor
993 1069 1099 1126 urbem

395 1149 492 1227 Inque
507 1169 561 1209 sao
576 1151 696 1211 nullum
710 1150 817 1211 limine
829 1150 926 1212 limen
941 1155 1017 1212 erat.

353 1233 472 1294 Iussisti
486 1241 611 1313 tenues,
634 1237 834 1312 Germanice,
856 1252 998 1294 crescere
1013 1235 1111 1311 vicos,
1208 1262 1210 1266 ⁴

394 1317 436 1375 Et
450 1315 541 1377 modo
558 1338 635 1397 quae
650 1320 752 1379 fuerat
766 1320 891 1397 semita,
912 1318 993 1377 facta
1007 1318 1055 1377 via
1070 1327 1126 1380 est.

332 1399 446 1463 5Nulla
462 1404 610 1462 catenatis
623 1403 686 1483 pila
700 1411 749 1463 est
759 1404 939 1483 praecincta
951 1400 1086 1480 lagonis,

394 1484 460 1545 Nec
474 1492 601 1563 praetor
615 1487 716 1547 medio
733 1488 852 1575 cogitur
865 1487 913 1545 ire
928 1484 1013 1558 luto;

353 1567 525 1645 Stringitur
540 1570 572 1628 in
588 1570 683 1630 densa
698 1590 755 1630 nec
770 1588 861 1630 caeca
874 1567 1020 1630 novacula
1033 1572 1138 1645 turba,

312 1655 314 1659 ’
394 1651 532 1732 Occupat
545 1659 597 1713 aut
611 1661 690 1715 totas
704 1657 793 1733 nigra
808 1654 920 1756 popina
935 1654 1007 1714 vias.

354 1736 497 1814 Tonsor,
520 1757 613 1817 copo,
635 1758 742 1816 cocus,
762 1737 861 1798 lamus
876 1757 927 1797 sua
942 1736 1048 1796 limina
1061 1743 1193 1800 servant.
1307 1793 1318 1801 ,,

315 1832 346 1882 10
394 1819 591 1881 Nunc‘lioma
605 1828 667 1903 cst,
689 1840 788 1904 nuper
801 1841 909 1901 magna
923 1824 1051 1895 taberna
1063 1820 1132 1881 fuit.

352 2094 495 2157 Reclusis
509 2094 628 2156 foribus
643 2095 775 2175 grandes
789 2095 941 2175 percidis,
963 2092 1094 2171 Amillc,
1131 2103 1134 2108 '

387 2183 437 2257 ,Et
451 2187 483 2240 te
498 2179 667 2259 deprendi,
688 2200 754 2239 cum
770 2181 847 2238 facis
862 2180 936 2255 ista,
956 2179 1058 2257 cupis,

352 2266 399 2325 Ne
416 2265 490 2344 quid
504 2262 611 2324 liberti
626 2270 754 2324 narrent
773 2265 916 2341 servique
930 2263 1052 2340 paterni

394 2350 436 2408 Et
454 2350 543 2426 niger
556 2346 681 2427 obliqua
697 2346 877 2426 garrulitate
892 2346 998 2410 cliens.
1039 2346 1042 2351 '
1106 2378 1110 2382 ·

331 2433 421 2495 5Nou
435 2432 592 2511 paedicari
606 2451 640 2490 se
656 2434 708 2510 qui
722 2438 867 2508 testatur,
890 2429 1016 2508 Amille,

397 2515 478 2576 Illud
492 2511 584 2597 saepe
599 2516 689 2594 facit,
712 2515 793 2595 quod
808 2517 876 2575 sine
891 2521 973 2574 teste
987 2513 1070 2574 lacit.

732 2677 836 2738 LXlll.

352 2790 503 2869 Perpetui
517 2779 668 2868 nunqnam
683 2791 831 2849 moritura
845 2787 998 2849 volumina
1014 2785 1072 2848 Sili
1185 2818 1189 2824 ·

397 2875 456 2949 Qui
470 2873 549 2951 legis
565 2880 596 2932 et
609 2873 697 2932 Latia
711 2876 844 2933 earmina
859 2873 950 2952 digna
963 2880 1051 2951 toga,

353 2959 476 3017 Pierios
489 2963 606 3016 tautum
621 2959 682 3016 rati
697 2955 850 3036 placuisse
866 2975 1007 3016 recessus

396 3040 507 3101 Credis
524 3048 556 3100 et
570 3042 685 3100 Aoniae
700 3042 850 3100 Bacchica
864 3047 947 3098 serta
961 3037 1087 3099 comae?

330 3125 448 3187 bsacra
463 3126 636 3185 cothurnati
650 3144 712 3184 nou
730 3125 832 3200 attigit
845 3129 916 3182 ante
931 3122 1087 3198 Maronis,

398 3208 541 3288 Implevit
555 3210 655 3287 magni
671 3228 759 3287 quam
774 3206 933 3267 Ciceronis
950 3223 1034 3283 opus.

1244 473 1305 537 165

354 3295 446 3353 Hunc
460 3294 589 3352 miratur
603 3291 707 3378 adhuc
718 3297 840 3351 centum
855 3289 954 3367 gravis
968 3288 1056 3347 hasta
1070 3287 1221 3374 pirorum,
1290 3319 1295 3337 ι

395 3378 486 3436 Hunc
500 3374 637 3454 loquitur
651 3382 737 3453 grato
752 3374 900 3454 plurimus
916 3390 970 3432 ore
988 3369 1096 3435 cliens.

353 3461 520 3540 Postquam
531 3462 578 3521 bis
593 3461 675 3519 senis
690 3461 847 3537 ingentem
861 3457 995 3516 fascibus
1011 3474 1121 3514 annum

316 3555 348 3607 lo
393 3545 543 3621 Rexerot,
566 3550 684 3603 asserto
699 3545 751 3621 qui
765 3561 853 3602 sacer
867 3543 943 3600 orbe
957 3540 1032 3617 fuit,

355 3630 511 3693 Emeritos
525 3628 625 3688 Musis
640 3633 673 3686 et
686 3626 813 3686 Phoebo
828 3624 957 3686 tradidit
972 3642 1082 3700 annos,

398 3713 522 3791 Proque
537 3731 592 3771 suo
614 3710 752 3771 celebrat
765 3729 847 3769 nunc
860 3707 1012 3769 Helicona
1025 3708 1107 3769 foro.
