3267 4409
691 464 815 513 SATIRA
837 464 883 512 VI.

293 606 438 668 Verberat
461 617 547 686 atque
570 607 664 668 obiter
689 607 793 667 faciem
816 605 891 684 linit,
916 605 993 667 audit
1014 608 1121 668 amicas

293 692 352 753 Aut
374 693 460 752 latum
482 693 578 770 pictae
599 692 688 751 vestis
714 689 879 750 considerat
902 708 1000 750 aurum

291 775 331 837 Et
353 777 460 845 caedit;
485 777 564 854 longi
587 776 693 852 relegit
713 784 877 834 transversa
900 775 992 834 diurni

293 859 331 921 Et
356 861 466 937 caedit,
489 861 584 920 donec
606 860 692 920 lassis
716 858 920 919 caedentibus:
946 858 1010 918 exii

291 944 409 1007 Intonat
431 945 619 1020 horrendum,
643 945 697 1003 iam
720 943 885 1021 cognitione
909 952 1037 1021 peracta.
1228 955 1279 1010 485

292 1029 482 1090 Praefectura
507 1029 608 1089 domus
631 1027 728 1088 Sicula
749 1044 806 1085 oon
827 1028 922 1086 mitior
947 1027 1020 1087 aula.

293 1112 367 1172 Nam
390 1113 414 1171 si
437 1114 583 1173 constituit
605 1112 752 1189 solitoque
776 1111 927 1171 decentius
953 1119 1035 1189 optat

295 1195 398 1256 0rnari
419 1205 448 1255 et
469 1206 609 1275 properat
632 1199 746 1274 iamque
769 1204 956 1274 exspectatur
977 1197 1006 1255 io
1027 1195 1118 1257 bortis

295 1279 355 1339 Aut
377 1280 451 1358 apod
475 1280 586 1341 Isiacae
611 1281 707 1360 potius
728 1281 856 1339 sacraria
880 1279 975 1356 lenae,

295 1363 431 1442 Disponit
455 1367 579 1441 crinem,
603 1366 738 1425 laceratis
762 1365 827 1443 ipsa
850 1363 975 1441 capillis,
1229 1375 1281 1431 490

294 1447 378 1509 Nuda
402 1448 521 1508 humero
543 1450 650 1509 Psecas
672 1448 774 1507 infelix
795 1449 938 1526 nudisque
960 1447 1102 1508 mamillis.

294 1532 393 1593 Altior
414 1531 461 1592 bic
483 1550 573 1611 quare
597 1529 765 1594 cincinnus?
793 1540 893 1593 taurea
916 1532 995 1611 punit

296 1613 439 1676 Continuo
460 1616 529 1677 deni
553 1619 660 1677 crimen
681 1617 851 1694 facinusque
876 1616 983 1695 capilli.

295 1699 371 1774 Quid
392 1700 499 1760 Psecas
522 1698 656 1760 admisit?
678 1719 819 1779 quaenam
842 1708 887 1760 est
908 1699 955 1760 hio
978 1700 1062 1780 culpa
1085 1703 1213 1783 puellae,

295 1785 328 1845 Si
350 1783 401 1843 tibi
421 1783 565 1863 displicuit
585 1803 672 1846 nasus
694 1781 782 1845 tuus?
805 1783 896 1845 altera
918 1785 1031 1844 laevum
1213 1793 1280 1850 495

293 1867 432 1928 Extendit
453 1870 601 1948 pectitque
625 1887 723 1929 comas
747 1878 777 1929 et
798 1868 922 1929 volvit
913 1886 942 1928 vn
964 1869 1073 1931 orbem.

293 1951 378 2013 Est
370 1971 397 2012 1n
422 1953 543 2013 consilio
565 1963 693 2013 materna
715 1953 889 2030 admotaque
912 1952 986 2013 lanis

292 2034 422 2096 Emerita
443 2055 518 2115 quae
541 2047 638 2097 cessat
659 2055 727 2106 acu;
751 2038 894 2097 sententia
917 2038 1008 2115 prima

292 2118 383 2180 Huius
408 2123 478 2197 erit,
502 2121 664 2200 posthanc
688 2129 784 2180 aetate
806 2130 892 2198 atque
918 2129 981 2180 arte
1003 2120 1129 2182 minores

294 2202 480 2281 Censebunt,
506 2214 650 2283 tamquam
673 2204 767 2264 famae
793 2205 946 2283 discrimen
968 2213 1070 2282 agatur
1229 2217 1281 2269 500
1350 2260 1352 2265 s

291 2287 353 2348 Aut
376 2289 501 2349 animae:
526 2298 603 2350 tanta
627 2297 671 2349 est
689 2289 848 2368 quaerendi
873 2306 941 2349 cura
964 2289 1098 2351 decoris!

292 2371 350 2433 Tot
372 2374 475 2450 premit
498 2373 661 2450 ordinibus,
685 2381 728 2432 tot
750 2374 844 2434 adhuc
867 2373 1055 2451 compagibus
1078 2373 1166 2434 altum

291 2455 437 2516 Aedificat
459 2466 560 2537 caput:
583 2457 806 2517 Andromachen
828 2475 845 2518 a
867 2457 962 2517 fronte
986 2457 1113 2528 videbis;

291 2540 363 2602 Post
385 2542 477 2600 minor
498 2551 559 2602 est:
584 2542 687 2602 credas
710 2541 804 2602 aliam.
851 2538 948 2617 (ledo,
971 2543 996 2600 si
1017 2541 1109 2605 breve
1132 2542 1215 2623 parvi

292 2625 402 2685 Sortita
425 2634 470 2684 est
494 2625 593 2686 lateris
617 2628 740 2705 spatium
764 2627 941 2705 breviorque
965 2626 1080 2688 videtur
1230 2635 1281 2688 505

289 2707 413 2786 Virgine
436 2709 596 2787 Pygmaea,
621 2710 707 2770 nullis
732 2712 827 2771 adiuta
851 2711 1008 2786 cothurnis,

292 2791 332 2854 Et
353 2793 426 2852 levis
451 2803 551 2854 erecta
576 2795 724 2871 consurgit
749 2795 785 2855 ad
808 2794 910 2855 oscula
931 2794 1045 2873 planta!

335 2874 421 2936 Nulla
443 2879 498 2937 viri
521 2872 589 2937 cur'a
613 2880 741 2954 interea,
767 2896 824 2937 nec
845 2879 952 2938 mentio
975 2878 1025 2937 fiet

291 2960 483 3021 Damnorum:
507 2963 577 3021 vivit
598 2971 743 3038 tamquam
765 2962 860 3022 vicina
883 2961 986 3036 mariti,

291 3043 358 3105 Hoc
381 3045 445 3105 solo
470 3047 607 3124 propior,
630 3045 707 3125 qnod
730 3046 839 3105 amicos
863 3046 994 3122 coniugis
1017 3044 1078 3117 odit
1231 3050 1283 3105 510

292 3128 332 3189 tta
356 3147 477 3207 servos,
501 3131 598 3208 gravis
623 3139 669 3190 est
692 3129 862 3189 rationibus.
908 3128 988 3189 Ecce
1010 3110 1132 3189 furentis

291 3211 434 3273 Bellonae
454 3216 612 3293 matrisque
633 3213 717 3275 deum
740 3212 867 3274 cborus
859 3222 943 3274 antrat
966 3221 994 3272 et
1016 3212 1141 3290 ingens

293 3297 435 3374 Semivfr,
459 3298 590 3358 obsceno
611 3299 704 3359 facies
726 3298 889 3359 reverenda
909 3298 1023 3374 minori,
1128 3346 1132 3352 .

292 3381 394 3443 Mollia
417 3384 465 3460 qui
487 3393 570 3462 rapta
593 3385 686 3444 secuit
707 3384 845 3460 genitalia
865 3391 959 3442 testa

292 3465 354 3526 lam
378 3467 504 3545 pridem,
530 3468 575 3527 cui
598 3484 685 3529 rauca
709 3466 833 3544 cohors,
857 3468 902 3527 cui
923 3475 1059 3545 tympana
1082 3461 1192 3525 cedunt
1229 3471 1281 3525 515

291 3549 414 3612 Plebeia
437 3559 466 3610 et
488 3549 613 3628 Phrygia
636 3553 759 3611 vestitur
780 3551 874 3627 bucon
897 3552 980 3611 tiara.

293 3633 410 3695 Grande
430 3642 515 3695 sonat
537 3637 684 3715 metuique
704 3633 784 3696 iubet
805 3634 985 3715 Septembris
1008 3640 1039 3693 et
1067 3631 1157 3693 austri

292 3717 474 3798 Adventum,
497 3719 553 3784 uisi
576 3736 610 3780 se
634 3728 748 3781 contum
769 3718 938 3784 lustraverit
961 3718 1038 3779 ovis·
1120 3732 1125 3743 ·
1152 3734 1156 3741 ·
