3267 4409
590 440 597 449 '
688 452 813 502 suumn
835 454 884 501 ιιι.
1243 446 1280 509 61

297 596 472 659 lenimenta
493 600 598 672 tonse,
622 591 684 652 duri
706 594 857 673 crassique
880 593 1000 669 eoloris,

247 712 251 755 ς
297 680 334 745 Et
355 678 434 741 male
455 694 612 759 percussas
638 679 760 736 textoris
784 680 901 757 pectine
928 676 1003 737 Galli
1247 689 1283 745 30

247 774 248 783 ’
296 764 484 845 incipimus,
506 771 593 824 tenue
619 770 768 837 argentum
790 779 941 841 venaeque
964 760 1122 822 seoundae.

296 848 366 911 Fata
389 855 495 925 regunt
517 844 661 913 homines:
685 844 773 904 iatum
796 854 842 905 est
863 854 892 905 et
912 844 1041 925 partibus
1062 844 1132 921 illis,

297 930 378 1007 Quas
400 932 479 991 sinus
500 928 661 990 abscondit.
698 927 786 1004 Nam,
808 930 833 988 sl
855 928 906 989 tibi
929 930 1024 990 sidera
1045 938 1173 1007 cessant,

295 1014 341 1077 llil
364 1014 457 1075 laniet
481 1013 562 1097 longi
583 1030 717 1073 mensura
743 1014 888 1089 incognita
911 1014 1003 1088 nervi,

296 1096 437 1173 Quamvis
459 1104 489 1159 te
513 1096 617 1157 nudum
641 1098 781 1174 spumanti
802 1096 887 1156 Virro
910 1097 1020 1157 labello
1243 1106 1279 1160 35

295 1182 410 1245 vidant
435 1188 465 1243 et
488 1179 612 1241 blandae
633 1180 749 1241 assidue
774 1179 942 1259 densaeque
964 1179 1091 1241 tabellae

296 1266 478 1334 sollicitent:
501 1256 589 1337 αὐτὰς
613 1254 670 1345 γὰρ
691 1261 842 1340 ἐφέλκεται
864 1258 960 1345 ἄνδρα
981 1264 1122 1337 κίναιδος.

296 1348 384 1425 Quod
402 1358 499 1411 tamen
520 1348 640 1408 ulterius
662 1356 834 1423 monstrum,
857 1366 941 1427 quam
963 1347 1059 1409 mollis
1081 1345 1205 1409 avarus?

295 1431 378 1496 liaeo
399 1432 498 1509 tribul,
522 1430 628 1493 deinde
649 1431 699 1492 illa
721 1430 804 1510 dedi,
830 1449 898 1493 mox
917 1432 1001 1512 plura
1022 1424 1184 1492 tulisti:—

296 1514 509 1597 computatae
532 1523 628 1576 oevet.
661 1514 955 1591 reassumimus,
978 1514 1072 1576 adsint
1246 1526 1280 1579 ιο

296 1596 369 1662 llum
392 1598 491 1661 tabula
513 1600 610 1679 pueri:
631 1616 750 1659 numera
772 1602 907 1661 sestertia
928 1601 1056 1680 quinque

296 1683 439 1747 Omnibus
461 1685 489 1744 in
509 1682 616 1759 rebus,
642 1692 826 1744 numerentur
848 1684 953 1745 deinde
979 1683 1108 1745 labores.

294 1768 340 1831 nn
361 1766 453 1829 laoile
476 1776 507 1828 at
526 1784 647 1846 pronum
670 1775 715 1827 est
736 1784 828 1844 agere
851 1770 922 1829 intre
945 1770 1060 1829 viscera
1082 1786 1187 1848 penem

293 1851 468 1931 Legitimum
490 1859 577 1931 atque
602 1850 662 1912 illio
684 1851 841 1912 hesternae
863 1852 1021 1912 occurrere
1044 1849 1176 1912 coenae?

294 1938 409 2001 Servus
433 1935 488 1996 erit
508 1935 598 1995 minos
622 1934 672 1994 llle
695 1936 800 2010 miser,
827 1937 876 2013 qui
900 1932 1008 1995 ioder'it
1026 1952 1137 2012 agrum,
1243 1945 1277 1997 45

295 2018 392 2095 Quam
414 2018 567 2079 dominum.
604 2018 663 2079 Sed
684 2026 713 2079 tu
736 2036 806 2079 sane
828 2028 959 2078 tenerum
982 2026 1012 2077 et
1033 2035 1153 2096 puerum
1175 2025 1205 2077 te
1223 2064 1231 2093 ·.

293 2104 331 2167 Et
356 2101 511 2183 pulchrum
532 2111 561 2163 et
582 2102 696 2181 dignum
719 2103 823 2177 cyatho
846 2101 992 2180 coeloque
1015 2101 1152 2180 putabas;

291 2187 357 2250 Vos
382 2184 481 2247 humill
503 2186 671 2261 asseculae,
693 2203 747 2246 vos
768 2185 954 2262 indulgebitis
976 2203 1108 2263 umquam

293 2270 428 2346 Cultorl,
451 2270 507 2330 lam
530 2288 586 2331 neo
606 2269 707 2330 morbo
733 2270 841 2330 donare
863 2265 976 2353 parati?

292 2354 338 2418 En
363 2354 411 2415 eui
432 2360 462 2414 lu
483 2355 604 2415 viridem
621 2354 791 2430 umbellam,
815 2355 861 2414 oui
884 2355 999 2414 suoeinn
1019 2352 1114 2412 mittas
1245 2364 1279 2416 50

293 2438 438 2514 Grandia,
463 2437 566 2499 natalis
588 2439 703 2518 quoties
726 2438 800 2499 redit
822 2447 870 2499 nut
890 2436 1032 2499 madidum
1052 2454 1106 2498 ver

293 2522 401 2603 lnoiplt
423 2529 454 2582 et
477 2530 565 2583 strata
587 2523 699 2601 positus
720 2521 867 2602 longaque
892 2522 1028 2583 cathedra

294 2605 419 2668 lunera
438 2604 571 2668 femineis
593 2614 697 2667 tractat
720 2616 836 2668 seoreta
859 2606 1007 2668 kalendis!

294 2691 368 2769 llio,
392 2706 511 2769 passer,
537 2691 583 2750 oui
602 2698 645 2749 tot
667 2699 796 2767 montes,
822 2700 866 2752 tot
887 2692 1004 2770 praedia
1027 2708 1128 2750 servas

293 2773 430 2857 Appula,
454 2783 496 2834 tot
518 2774 621 2835 milvos
644 2775 716 2834 intra
739 2784 788 2836 tua
811 2793 920 2853 pasoua
941 2771 1057 2835 lassos?
1247 2782 1279 2834 55

294 2859 336 2922 'l'e
367 2856 525 2919 Trifolinus
548 2877 619 2936 ager
639 2857 771 2919 leeuudis
792 2858 897 2919 vitibus
922 2857 1033 2936 implet,

294 2946 533 3022 Suspectumque
553 2944 649 3020 inguim
672 2941 771 3004 Gumis
792 2951 822 3002 et
842 2942 951 3003 Gaurus
974 2940 1065 3000 inanis
1088 2972 1130 2987 -

293 3028 370 3091 liam
392 3027 457 3104 quis
478 3026 561 3105 plura
584 3026 645 3087 linit
666 3028 779 3087 vieturo
802 3026 880 3087 dolia
902 3020 1018 3085 musto?
1037 3057 1080 3069 -

295 3112 443 3189 Quantum
467 3119 529 3171 erat
551 3110 683 3171 exhausti
705 3110 819 3171 lumbos
840 3110 948 3171 donare
972 3107 1085 3168 clientis

292 3193 452 3275 iugeribus
474 3195 590 3274 paucis!
614 3195 754 3255 meliusne
774 3194 823 3255 hio
843 3194 967 3254 rustinus
989 3191 1082 3252 inians
1246 3199 1281 3252 60

295 3278 369 3343 cnm
391 3286 485 3338 matre
507 3287 537 3339 et
559 3279 665 3339 oasulis
686 3288 716 3338 et
737 3279 893 3339 conlusore
917 3276 1023 3338 catello

294 3361 438 3442 cymbala
463 3362 603 3441 pulsantis
626 3363 753 3440 legatum
775 3363 826 3424 fiet
847 3359 952 3423 amioi‘l

294 3445 453 3529 improbus
480 3463 529 3523 es,
553 3465 639 3526 quum
663 3447 781 3526 noscis,
805 3447 853 3507 ait.
869 3475 913 3493 -·
930 3440 990 3504 Sed
1011 3439 1114 3521 pensio
1137 3439 1240 3503 elamat

293 3533 410 3599 Posse3
434 3529 488 3591 sed
510 3531 641 3609 appellat
661 3549 736 3611 puer
756 3532 872 3607 uniens,
895 3538 926 3590 ut
945 3526 1114 3606 Polyphemi

293 3616 365 3679 bata
389 3612 487 3690 acius,
511 3632 565 3692 per
586 3633 670 3694 quam
690 3613 797 3676 sollers
819 3614 911 3675 evasit
931 3613 1043 3676 Ulixes.
1249 3621 1283 3676 ot

294 3702 383 3765 Alter
409 3698 548 3760 emendus
574 3701 644 3779 erit,
667 3716 788 3781 namque
811 3698 859 3760 hio
880 3714 939 3759 uon
958 3696 1080 3775 suillolt,
1105 3694 1189 3758 ambo
