3267 4409
322 547 365 610 46
609 577 621 590 ·
649 546 693 607 M.
709 544 802 608 VAL.
819 542 1044 606 MARTIALIS

406 695 530 760 Mecum
545 699 607 758 eris
623 716 697 776 ergo
712 698 821 757 miser:
844 695 967 776 quodsi
982 696 1057 757 deus
1072 716 1126 758 ore
1141 717 1254 771 sereno

448 784 618 861 Anuuerit,
639 782 731 860 felix,
753 781 908 861 Candide,
932 780 1014 842 solus
1029 783 1102 845 eris.

682 908 684 914 ⁴
789 913 886 978 XXV.
948 950 957 971 .

406 1030 468 1090 Das
484 1007 654 1108 nunquam,
674 1046 797 1108 semper
808 1028 981 1108 promittis,
1005 1026 1111 1106 Galla,
1133 1002 1265 1110 roganti.

449 1113 481 1172 Si
496 1131 619 1194 semper
632 1111 739 1192 fallis,‘
751 1114 811 1172 iam
831 1130 923 1190 rogo,
945 1110 1052 1192 Galla,
1074 1114 1162 1192 nega.
1277 1182 1291 1194 ,

779 1243 891 1308 XXVI.

405 1358 495 1436 Quod
513 1355 672 1438 querulum
691 1356 804 1435 spirat,
828 1355 910 1434 quod
928 1357 1072 1439 acerbum
1086 1358 1200 1420 Naevia
1214 1361 1321 1437 tussit,

444 1444 541 1522 Inque
557 1448 626 1501 tuos
640 1442 735 1500 mittit
750 1445 839 1519 sputa
853 1438 983 1499 subinde
1000 1441 1100 1519 sinus,

403 1528 464 1586 lam
478 1534 592 1595 terem
608 1526 734 1604 iactam,
756 1524 935 1601 Bithynice,
958 1524 1060 1584 credis
1077 1527 1216 1587 habere?

444 1611 554 1670 Erras:
575 1607 734 1670 blanditur
747 1608 874 1685 Naevia,
895 1627 957 1665 non
971 1609 1110 1672 moritur.

779 1741 902 1804 XXVII.

342 1862 347 1875 “
403 1854 593 1917 Laudantem
607 1854 723 1916 Selium
738 1874 833 1915 cenae
848 1876 916 1915 cum
932 1857 1013 1917 retia
1029 1856 1131 1917 tendit

400 1954 402 1959 ·
444 1941 577 2021 Accipe,
599 1942 663 2000 sive
677 1939 780 2018 legas,
800 1942 863 2000 sive
878 1947 1025 2020 patronus
1043 1961 1128 2021 agas:

403 2025 559 2102 „Effecte!
581 2025 729 2104 graviter!
751 2024 795 2084 st!
816 2025 977 2103 nequiter!
999 2027 1092 2103 euge!
1116 2026 1223 2105 beate!

444 2110 512 2168 Hoc
526 2108 644 2169 volui!“
671 2109 766 2168 Facta
783 2109 905 2196 estium
918 2109 977 2168 tibi
993 2127 1084 2188 cena,
1102 2116 1182 2171 tace.

766 2236 913 2306 XXVHL

402 2353 514 2414 Rideto
532 2353 659 2414 multum
677 2357 793 2433 quite,
816 2352 963 2433 serdille,
987 2353 1148 2416 cinaedum

443 2438 564 2496 Dixerit
579 2445 612 2497 et
624 2439 753 2516 digitum
767 2439 919 2518 porrigito
935 2437 1078 2502 medium.

403 2520 466 2580 Sed
480 2540 538 2581 nec
551 2520 681 2600 paedico
697 2540 731 2580 es
748 2540 806 2582 nec
821 2528 871 2598 tu,
892 2521 1040 2600 Sextille‚
1062 2523 1200 2604 fututor,

444 2602 540 2666 Gelda
555 2606 738 2667 Vetustinae
753 2625 812 2665 nec
826 2606 884 2665 tibi
899 2607 993 2666 bucca
1009 2606 1121 2687 placet.

381 2690 449 2749 alix
462 2689 531 2748 istIs
545 2687 624 2748 nihil
639 2708 672 2748 es
686 2689 804 2768 fateor,
827 2689 975 2767 Sentille:
999 2689 1074 2769 qnid
1087 2709 1161 2771 ergo
1178 2693 1235 2752 es?

442 2773 571 2851 Nescio,
593 2772 649 2833 sed
664 2775 771 2833 tuscis
787 2793 839 2833 res
854 2793 1018 2856 superesse
1034 2773 1116 2837 duas.

673 2898 679 2903 ’
779 2922 887 2985 xxix.

307 3047 310 3052 ’
400 3036 497 3113 Rufe,
519 3035 604 3096 vides
620 3036 708 3097 illurn
722 3037 870 3100 subsellia
884 3041 982 3120 prima
996 3046 1168 3120 terentem,

443 3120 537 3181 Cuius
553 3127 585 3181 et
599 3122 672 3181 hinc
686 3120 773 3183 lucet
787 3123 1011 3205 sardonychata
1025 3145 1131 3185 manus

317 3226 320 3232 ¹
402 3204 548 3284 Quaeque
565 3206 672 3285 Tyron
688 3209 802 3270 totiens
820 3217 985 3289 epotavere
999 3206 1145 3269 lacernae

441 3290 483 3353 Et
497 3296 568 3367 toga
581 3310 641 3350 nou
657 3296 753 3351 tactas
767 3293 893 3352 vincere
908 3294 989 3352 iussa
1003 3293 1107 3370 niver,

379 3371 497 3432 oGuius
514 3372 579 3433 olet
594 3379 660 3434 toto
675 3377 797 3454 pinguis
813 3396 898 3434 coma
913 3373 1118 3436 Marcelliano

440 3456 482 3515 Et
495 3455 663 3536 splendent
675 3457 761 3518 volso
776 3459 902 3518 brachia
916 3461 990 3518 trita
1005 3458 1087 3538 pilo;

398 3539 467 3596 Non
482 3539 629 3599 hesterna
643 3541 732 3601 sedet
746 3541 851 3601 lunata
864 3541 980 3620 lingula
993 3542 1115 3624 planta,

442 3620 575 3681 Coccina
589 3643 651 3682 uon
665 3624 781 3685 laesum
794 3626 895 3704 pingit
910 3626 991 3687 aluta
1005 3627 1132 3707 pedem,

399 3705 440 3765 Et
454 3723 617 3765 numerosa
630 3705 732 3768 linunt
747 3706 925 3769 stellantem
940 3710 1059 3792 splenia
1073 3713 1217 3774 frontem.
1237 3710 1244 3723 '

358 3798 392 3851 10
440 3789 564 3867 Ignoras
580 3789 654 3869 quid
669 3792 732 3851 sit?
751 3792 870 3873 splenia
884 3794 977 3874 tolle,
996 3795 1094 3876 leges.
