3267 4409
329 531 371 595 42
661 544 695 590 n.
712 544 782 591 mu.
798 526 986 591 messanis

330 682 369 744 Et
389 683 603 761 xerampelinas
622 692 742 743 veteres
765 682 916 744 donaverit
938 684 1005 762 ipsi,

330 766 384 843 Ut,
408 768 544 845 quidquid
567 767 652 828 subiti
676 777 705 827 et
726 770 821 844 magni
842 768 1014 827 discriminis
1032 766 1131 841 instat,
1269 778 1321 833 520

330 850 363 911 ln
385 852 495 911 tunicas
518 862 564 912 eat
587 861 617 912 et
637 860 727 912 totum
750 851 842 911 semel
866 854 967 930 expiet
987 868 1101 911 annum.

290 944 294 951 '
330 934 485 995 Hibemum
507 936 599 996 inacta
619 935 715 1012 glacie
738 934 898 995 descendet
920 937 949 994 in
969 953 1093 1012 amnem,

332 1018 390 1079 Ter
412 1020 548 1079 matutino
574 1019 671 1079 Tiberi
693 1027 842 1095 mergetur
862 1028 892 1079 et
914 1020 986 1097 ipsis

330 1101 497 1163 l'erticibus
520 1103 647 1163 timidum
670 1113 757 1181 caput
781 1102 899 1172 abluet;
927 1103 995 1163 inde
1018 1102 1147 1181 Superbi
1364 1160 1367 1187 =

332 1186 434 1247 Totum
455 1189 534 1263 regis
557 1204 656 1265 sgmm
678 1187 752 1247 nuda
773 1205 809 1247 ac
831 1186 1020 1248 tremebunda
1041 1187 1171 1247 cruentis
1272 1200 1321 1254 525

331 1270 443 1350 Erepet
463 1270 600 1348 genibus:
625 1273 650 1330 si
674 1271 794 1332 candida
817 1272 935 1331 iusserit
953 1270 998 1346 lo,
1364 1288 1367 1293 ·

331 1354 387 1415 lbit
409 1354 442 1413 ad
469 1354 597 1433 Aegypti
620 1355 704 1415 linem
728 1355 881 1432 calidaque
903 1356 1009 1433 petitas

331 1440 359 1499 A
380 1436 482 1500 lleroe
506 1439 633 1518 portabit
654 1456 760 1518 aquas,
785 1449 817 1499 ut
838 1448 960 1518 spargat
980 1441 1009 1497 in
1029 1436 1134 1499 sedem

331 1522 434 1597 Isidis,
457 1526 572 1602 antiquo
596 1541 671 1601 quae
693 1525 825 1602 proxima
847 1526 940 1600 surgit
961 1522 1041 1583 ovili.
1131 1524 1135 1531 '
1365 1574 1368 1585 .

334 1604 434 1666 Credit
457 1610 531 1666 enim
556 1609 646 1685 ipsius
668 1608 801 1668 dominae
826 1625 860 1667 se
881 1625 958 1668 voco
979 1605 1106 1667 moneri:
1246 1590 1323 1673 *sto
1349 1600 1368 1689 ᾗ

331 1689 377 1750 Ειι
399 1692 518 1751 animam
541 1701 570 1751 et
591 1700 731 1768 mentem,
756 1711 821 1753 cum
841 1708 898 1769 qua
919 1691 948 1751 di
970 1700 1058 1751 nocte
1079 1689 1256 1769 loquantur!
1366 1730 1369 1735 -

331 1773 412 1851 llrgo
432 1774 480 1835 bic
503 1777 690 1853 praecipuum
713 1794 908 1853 summumque
929 1782 1057 1835 merctur
1076 1772 1236 1853 bonorem,

333 1857 388 1933 Qui
410 1876 505 1936 grege
528 1859 650 1937 linigero
674 1859 865 1920 circumdatus
883 1869 912 1920 et
934 1877 1029 1938 grege
1050 1856 1137 1919 calvo

332 1941 499 2020 Plangentis
521 1943 622 2022 populi
645 1945 734 2004 currit
756 1944 872 2004 derisor
893 1943 1014 2004 Anubis.

333 2025 387 2087 llle
410 2029 483 2106 petit
504 2028 633 2104 veniam,
658 2029 772 2106 quoties
794 2046 851 2088 non
874 2028 1000 2090 abstinet
1020 2043 1096 2089 uxor
1274 2036 1321 2091 tto

334 2107 497 2171 Concubitu
518 2113 610 2171 sacris
633 2111 883 2192 observandisque
908 2111 1022 2187 diebus,

333 2192 495 2274 blagnaque
519 2196 642 2257 debetur
662 2197 772 2257 violato
797 2214 891 2276 poena
915 2197 1052 2272 cadurco,

334 2277 371 2339 lit
393 2283 520 2340 movisse
544 2289 631 2360 caput
653 2283 715 2341 visa
739 2291 785 2341 est
805 2289 945 2360 argentea
967 2296 1105 2359 serpens;

333 2361 413 2424 lllius
438 2364 574 2425 lacrimae
595 2367 788 2444 meditataque
811 2383 954 2425 munnura
970 2371 1132 2443 praestant,

333 2446 371 2509 Ut
393 2449 506 2508 veniam
529 2449 633 2528 culpae
656 2468 714 2510 non
737 2450 858 2526 abnuat,
885 2467 991 2510 ansere
1013 2464 1118 2526 magno
1275 2456 1322 2513 sto

335 2531 455 2594 Scilicet
477 2542 506 2592 et
527 2535 604 2593 tenui
626 2551 742 2612 popano
765 2544 936 2613 corruptus,
961 2531 1064 2593 Osiris.
1089 2528 1095 2535 '

335 2615 428 2691 Quam
450 2616 528 2676 dedit
551 2616 601 2677 ille
624 2618 736 2679 locum:
763 2619 890 2697 cophino
913 2617 1062 2696 loenoque
1084 2616 1205 2695 relicto,

334 2699 477 2759 Arcenam
499 2698 605 2761 ludaea
626 2710 753 2762 tremens
774 2703 920 2762 mendicat
941 2702 970 2762 io
991 2719 1100 2777 aurem,

334 2782 483 2862 interpres
505 2784 602 2862 legum
625 2786 807 2861 Solymarum
832 2796 861 2847 et
883 2802 986 2863 magna
1004 2784 1146 2847 sacerdos

336 2866 458 2928 Arboris
481 2886 515 2928 ac
540 2872 640 2929 summi
657 2871 720 2939 ¹lida
745 2873 917 2931 internuntia
941 2869 1029 2931 coeli.
1276 2876 1324 2935 tlt
1374 2891 1377 2899 ·

335 2951 440 3032 lmplet
462 2962 491 3013 et
513 2953 562 3015 illa
585 2972 714 3031 manum,
737 2956 790 3016 sed
812 2956 944 3035 parcius3
966 2954 1159 3015 aereminuto

335 3035 563 3116 Qualiacumque
583 3038 669 3099 voles
691 3038 789 3100 ludaei
809 3041 919 3099 somnia
942 3038 1078 3099 venduut.

335 3120 467 3200 Spondet
491 3131 646 3184 amatorem
670 3132 801 3185 tenerum
822 3123 870 3185 vel
895 3124 990 3184 divitis
1012 3122 1077 3183 orbi

336 3203 550 3267 Testamentum
572 3208 691 3285 ingens,
715 3208 828 3269 calidae
853 3208 989 3286 pulmone
1011 3204 1166 3267 columbae

336 3286 488 3367 Tractato,
511 3291 664 3352 Armenius
686 3292 733 3353 vel
759 3292 970 3369 Commagenus
994 3291 1159 3371 baruspcx;
1275 3302 1324 3357 tto

334 3371 460 3435 Pectora
482 3375 626 3453 pullorum
648 3376 810 3453 rimabitur,
833 3386 901 3436 exta
922 3375 1031 3452 catelli,

335 3455 482 3517 Interdum
503 3467 533 3519 et
556 3460 653 3539 pueri;
677 3460 781 3536 faciet,
808 3460 887 3540 quod
909 3459 1024 3521 delerat
1047 3460 1122 3539 ipse.

336 3536 491 3602 Chaldaeis
513 3544 567 3604 sed
589 3545 681 3604 maior
702 3547 757 3604 erit
779 3543 899 3605 fiducia:
923 3544 1062 3623 quidquid

337 3622 451 3684 Dixerit
472 3627 655 3705 astrologus,
683 3629 803 3689 credent
825 3646 841 3688 a
864 3629 945 3689 fonte
966 3628 1088 3688 relatum

336 3705 516 3786 Hammonis,
541 3713 674 3790 quoniam
697 3711 819 3791 Delphis
843 3712 961 3772 oracula
983 3721 1101 3775 cessant
1276 3722 1324 3779 stt

337 3788 374 3853 Et
395 3808 488 3869 genus
510 3793 660 3857 humanum
682 3796 795 3860 damnat
817 3796 915 3875 caligo
939 3796 1034 3859 lutari.
