3267 4409
326 471 389 538 loo
647 467 1043 569 nvanomnnmms

408 620 533 686 Excidit
548 623 679 683 attonito
694 623 816 703 pinguis
832 619 962 683 Galatea
975 627 1105 703 poetae,

453 706 615 786 Thestylis
629 713 662 768 et
675 708 784 767 rubras
799 708 949 767 messibus
966 713 1035 766 usta
1049 725 1159 785 genast

408 790 555 866 Protinus
570 792 703 851 laumas
720 792 864 870 concepit
880 797 912 850 et
926 809 1014 851 anus
1030 809 1205 869 vinumque,

366 883 403 936 20
451 875 511 951 Qui
525 874 616 934 modo
631 875 680 933 viu
696 873 835 935 Culicem
851 875 981 934 fleverat
995 893 1050 934 ore
1064 874 1144 935 rudit

411 958 493 1036 Quid
506 959 617 1023 Varios
632 959 817 1037 Marsosque
831 957 941 1037 loquar
956 957 1113 1037 ditataque
1127 965 1229 1019 vatum

373 1081 376 1100 ,
451 1044 597 1119 Nomina,
617 1061 743 1120 maguus
759 1043 821 1103 erit
836 1062 912 1120 quos
927 1061 1091 1102 numerare
1104 1041 1215 1103 labor‘.l

408 1128 492 1204 Ergo
508 1145 565 1206 ego
580 1125 756 1204 Vergilius,
777 1127 804 1186 si
819 1145 947 1186 munera
961 1127 1153 1187 Maecenatis

451 1210 514 1272 Des
529 1211 627 1271 mihi?
655 1210 812 1290 Vergilius
826 1230 888 1269 non
903 1230 978 1292 ero,
999 1211 1122 1273 Marsus
1138 1230 1204 1273 ero.

802 1324 895 1388 LVII.

412 1420 493 1480 Tres
509 1421 617 1481 habuit
632 1420 761 1502 dentes,
781 1425 901 1503 pariter
916 1442 992 1503 quos
1008 1423 1114 1504 expuit
1129 1443 1252 1502 omnes,

391 1518 395 1540 ·
453 1504 504 1564 Ad
518 1503 667 1565 tumulum
682 1506 794 1567 Picens
809 1507 881 1568 dum
896 1506 985 1568 sedet
999 1507 1067 1587 ipse
1081 1527 1186 1584 suum;

412 1587 610 1667 Collegitque
625 1591 694 1650 sinu
708 1591 880 1670 fragmenta
895 1593 1058 1651 novissima
1069 1591 1132 1652 laxi

453 1673 524 1732 Oris
540 1679 573 1732 et
588 1680 713 1752 aggesta
729 1675 949 1735 contumulavit
963 1675 1065 1738 humo.

388 1756 492 1818 50ssa
505 1755 581 1816 licet
600 1756 752 1836 qnondam
768 1757 907 1820 defuncti
921 1779 984 1819 non
1000 1757 1086 1838 legat
1097 1760 1207 1822 heres:

372 1878 376 1887 ·
405 1916 408 1921 ἢ
452 1842 521 1902 Hoc
536 1841 595 1901 sibi
609 1843 669 1919 iam
684 1842 796 1903 Picens
810 1844 970 1924 praestitit
986 1844 1130 1908 officium.

797 1955 901 2039 num.

411 2048 489 2108 Cum
501 2047 560 2107 tibi
574 2053 636 2108 tam
653 2065 774 2107 crassae
788 2049 866 2125 siut,
888 2044 1111 2126 Artemidore‚.
1120 2045 1279 2128 lacernae,

395 2152 397 2156 ·
453 2131 573 2193 Possim
587 2139 620 2192 te
635 2131 773 2210 Sagarim
786 2133 856 2192 iure
869 2148 980 2192 vocare
995 2149 1073 2192 meo.

804 2242 883 2306 LIX.

330 2329 334 2337 ’
409 2336 531 2416 Aspicis
544 2336 626 2395 hunc
642 2355 704 2395 uno
719 2342 896 2396 contentum
911 2333 1043 2416 lumine,
1065 2337 1151 2397 cuius

451 2420 549 2500 Lippa
564 2422 619 2480 sub
635 2421 741 2480 attrita
756 2421 861 2479 fronte
875 2418 984 2481 lacuna
998 2422 1108 2502 potet?

409 2504 455 2563 Ne
472 2510 633 2564 contemne
649 2509 754 2582 caput,
773 2502 851 2562 nihil
863 2510 916 2563 ‘est
929 2505 1063 2566 furacius
1077 2504 1151 2582 illo;

450 2588 519 2648 Non
534 2588 593 2647 fuit
603 2585 749 2667 Autolyci
766 2593 827 2647 tam
842 2589 982 2668 piperata
999 2610 1113 2652 manus.
1223 2590 1232 2606 ⁹
1257 2596 1261 2600 ’
1289 2610 1297 2617 ·

387 2672 501 2733 ollunc
517 2679 550 2732 tu
565 2672 718 2731 convivam
734 2676 839 2730 cautus
854 2690 978 2733 servare
994 2678 1163 2735 memento:
1235 2740 1243 2750 „

452 2756 541 2816 Tunc
555 2756 631 2815 furit
646 2759 739 2834 atque
754 2754 843 2816 oculo
858 2753 963 2816 luscus
981 2765 1114 2838 utroque
1128 2757 1223 2823 videt.
1355 2803 1362 2809 -

408 2839 524 2901 Pocula
538 2839 663 2900 solliciti
679 2838 814 2920 perdunt
827 2838 1000 2922 ligulasque
1014 2843 1148 2903 ministri
1189 2865 1191 2869 ·

450 2926 492 2988 Et
505 2927 585 2988 latet
595 2925 628 2984 in
641 2924 749 3004 tepido
764 2921 896 3004 plurima
910 2946 1019 3007 mappa
1035 2931 1111 2989 sinu.

408 3011 508 3091 Lapsa
521 3029 580 3070 nec
596 3030 613 3069 a
628 3010 731 3068 cubito
748 3008 921 3071 subducere
936 3013 1028 3091 pallia
1042 3012 1144 3072 nescit

367 3105 401 3158 10
449 3097 491 3156 lut
506 3101 606 3173 tectus
618 3091 717 3153 laenis
730 3112 823 3174 saepe
842 3093 957 3156 duabus
972 3097 1044 3159 abit.

409 3179 474 3240 Nec
489 3177 706 3238 dormitantem
716 3197 842 3239 vernam
856 3179 1001 3240 fraudare
1014 3178 1141 3241 lucerna

415 3298 417 3301 v
449 3264 583 3325 Erubuit
597 3260 707 3341 fallar,
725 3263 839 3323 ardeat
852 3262 908 3322 illa
921 3263 1005 3324 licet.

410 3345 442 3406 Si
459 3346 537 3406 nihil
552 3347 679 3422 invasit,
700 3365 829 3426 puerum
845 3354 919 3406 tunc
936 3352 1003 3428 arto
1020 3345 1127 3408 dolosa
1217 3406 1227 3415 ,
1320 3417 1323 3424 ,

450 3431 568 3490 Circuit
585 3436 618 3489 et
632 3428 733 3490 soleas
747 3430 876 3511 surripit
889 3431 956 3511 ipse
971 3450 1048 3492 suas.

808 3540 873 3603 LX.

408 3640 530 3700 Summa
544 3639 676 3702 Palatini
689 3645 814 3721 poteras
830 3658 962 3718 aequare
978 3639 1114 3720 Colossi,

451 3724 485 3784 Si
498 3725 592 3785 fieres
605 3726 745 3803 brevior,
767 3723 914 3804 Claudia,
935 3723 1161 3807 sesquipedem.
1204 3818 1206 3822 Α
