3267 4409
482 432 825 510 urrennmnn'ron
833 437 908 500 ιιι.
922 439 973 501 rx.
1126 420 1248 509 'aon
1355 375 1361 404 ¹

333 553 535 648 Mandassent
548 587 686 647 manibus
702 587 810 665 gaudia
825 588 917 650 foeda
931 567 1002 653 auis.

254 671 386 752 Ipsam
401 670 497 733 crede
511 671 569 731 tibi
585 679 724 731 naturam
740 672 847 734 dicere
863 694 982 736 rerum:

334 755 435 835 „htud
448 754 533 836 quod
546 754 668 836 digitis,
690 757 838 838 Pontice,
858 758 985 841 perdis,
1006 762 1097 823 homo
1113 769 1194 828 est.“
1256 793 1258 801 ι

677 891 768 955 XLII.

287 1001 415 1087 Gampis
429 1003 515 1067 dives
530 1003 643 1086 Apollo
660 1006 703 1067 sic
718 1002 862 1085 marinis,

286 1083 350 1148 Sic
361 1109 478 1173 semper
492 1092 617 1151 senibus
632 1091 737 1168 fruare
754 1093 877 1171 cygnis,

288 1166 405 1235 Doctae
418 1177 463 1235 sio
477 1175 536 1236 tibi
550 1177 687 1236 serviant
700 1194 842 1254 sorores,

250 1262 252 1271 '
298 1248 359 1315 Nec
369 1257 496 1340 Delphis
509 1265 562 1320 tua
574 1260 741 1321 mentiatur
757 1259 832 1339 ulli,
943 1288 946 1293 ·

283 1334 354 1398 asic
363 1341 473 1404 Palatia
486 1349 520 1404 te
535 1342 638 1404 colant
653 1350 833 1422 armentque:

308 1414 352 1482 Illa
363 1446 446 1489 senos
460 1429 523 1496 cito
537 1433 571 1488 te
585 1433 715 1506 rogante
728 1428 830 1488 fasces

311 1496 358 1567 litt
366 1511 477 1572 Stellae
491 1515 589 1574 bonus
605 1518 778 1591 annuatque
796 1514 920 1574 Caesar.

313 1579 380 1656 Felix
391 1604 463 1657 tunc
478 1616 536 1676 ego
552 1596 737 1675 debitorque
751 1599 815 1658 voti

315 1667 433 1743 casurum
447 1683 505 1742 tibi
522 1683 653 1742 rusticas
668 1681 706 1742 ad
720 1701 788 1742 aras

278 1746 401 1825 liboeum
415 1767 560 1827 cornibus
575 1767 677 1827 aureis
692 1767 862 1827 iuvencum.

297 1829 368 1908 data
380 1857 425 1911 est
438 1850 557 1930 hostia,
577 1850 721 1927 Phoebe;
745 1850 818 1931 quid
833 1853 984 1913 moraris?
1002 1853 1018 1895 ι’

669 1986 772 2048 XLIII.
860 2056 863 2061 ,

283 2074 350 2150 fflc
368 2101 415 2178 qui
429 2100 507 2161 dura
521 2099 634 2160 sedens
647 2107 794 2181 porrecto
810 2120 880 2160 saxa
894 2099 985 2160 leone

322 2169 453 2263 Mitigat
468 2186 579 2264 exiguo
591 2204 716 2264 magnus
731 2188 764 2245 iu
779 2204 852 2245 aere
868 2184 961 2262 deus,

273 2240 433 2348 quicque
444 2268 534 2349 tulit,
557 2275 677 2349 spectat
692 2271 840 2351 resupino
855 2269 958 2328 sidera
972 2269 1073 2350 roltn,

250 2411 252 2418 ,
317 2341 421 2414 Cuius
435 2352 524 2415 laeva
537 2353 619 2415 calet
633 2357 765 2433 robore,
786 2354 894 2414 dextra
907 2373 1008 2414 mero:

250 2403 360 2494 'Non
374 2445 420 2498 eat
432 2439 514 2499 fama
527 2457 638 2499 recens
652 2458 710 2499 nec
724 2441 825 2499 nostri
840 2439 938 2517 gloria
953 2440 1049 2516 caeli;

311 2505 441 2583 Nobile
454 2523 583 2605 Lysippi
596 2543 704 2584 munus
721 2541 859 2603 opusque
875 2523 971 2584 vides.

250 2571 359 2663 HQ
370 2607 477 2669 habuit
488 2626 602 2668 numen
618 2607 736 2669 I’ellaei
752 2627 857 2668 mensa
874 2610 1013 2689 tyranni,

310 2678 386 2764 Qui
401 2693 462 2752 cito
475 2692 651 2773 perdomIto
665 2694 765 2754 victor
780 2693 816 2752 in
829 2693 905 2752 orbe
921 2694 1012 2754 iacet.

250 2742 376 2834 Hunc
388 2796 466 2857 puer
481 2777 520 2837 ad
533 2776 836 2856 Libycasinraverat
849 2777 1003 2837 Hannibal
1018 2799 1101 2856 aras,

310 2841 460 2921 Iusserat
472 2862 524 2921 hic
540 2861 655 2922 Sullam
669 2880 788 2942 ponere
804 2879 901 2939 regna
916 2867 1044 2926 trucem.

255 2912 427 3005 ⁰1l'ensus
442 2948 545 3006 variae
558 2946 684 3006 tumidis
698 2947 872 3006 terroribus
888 2944 974 3006 aulae

319 3017 465 3090 Privatos
480 3029 593 3110 gaudet
604 3048 686 3090 nunc
700 3030 841 3090 habItare
856 3029 947 3092 lares.
1122 3100 1124 3111 Ι

261 3078 388 3192 Utque
402 3114 463 3175 fuit
480 3113 633 3195 quondam
646 3112 762 3195 placidi
779 3115 904 3174 conviva
919 3113 1093 3197 Molorchi,

326 3193 379 3258 Sic
395 3199 492 3260 voluit
506 3199 591 3260 docti
606 3199 746 3265 Vindicis
762 3218 831 3261 esse
846 3197 934 3262 deus.

667 3335 773 3398 XLIV.

288 3429 416 3512 Alciden
430 3451 520 3512 modo
537 3451 702 3515 Vindicem
715 3455 860 3531 rogabam
900 3449 904 3457 ’

291 3508 377 3595 linet
391 3538 476 3597 ouius
492 3556 567 3616 opus
583 3537 734 3615 laborque
748 3537 834 3598 felix.

289 3584 380 3698 llicit,
401 3641 470 3681 nam
485 3621 569 3680 solet
584 3624 658 3699 hoo,
677 3622 800 3701 levique
819 3628 895 3682 nutu

300 3699 426 3768 eliraeco
441 3706 610 3786 numquid“
626 3709 669 3767 ait
683 3714 814 3788 „poeta,
838 3708 962 3767 nescis?

303 3772 390 3852 llnnr.
999 3774 1045 3858 ll
