3267 4409
281 265 1277 335 ξ

326 556 398 653 ιιιὶ
599 602 608 621 „
650 552 1045 618 nvanmnnmms

372 709 509 773 15Lento
524 714 685 768 castaneae
698 704 812 787 vapore
826 711 937 768 tostae.
1044 740 1048 751 ·

337 796 340 800 ’
410 794 525 857 Vinum
538 798 574 852 tu
585 793 683 851 facies
697 793 810 851 bonurn
824 788 971 852 bibendo.

409 876 486 937 Post
500 878 577 936 haec
592 877 692 936 omnia
705 875 789 935 forte
804 876 831 935 si
844 875 980 945 movebit

383 964 385 972 '
410 961 549 1021 Bacchus
566 980 655 1040 quam
670 958 749 1019 solet
761 958 993 1039 'esuritionem‚'
1064 994 1072 1005 =

286 1068 292 1083 ι
410 1044 600 1104 Succurrent
613 1045 671 1103 tibi
685 1041 806 1103 nobiles
822 1040 937 1120 olivae,

368 1128 516 1191 20Piceni
530 1126 620 1188 modo
637 1147 710 1206 quaa
724 1125 829 1186 tulere
846 1126 939 1204 rami,

410 1214 453 1274 Et
467 1213 592 1272 fervens
606 1213 691 1271 cicer
704 1216 737 1270 et
751 1217 863 1290 tepens
875 1208 1010 1289 lupinus.

411 1298 510 1357 Parva
524 1303 573 1357 est
588 1292 714 1372 cenula,
727 1329 770 1342 -
784 1295 858 1373 quis·
867 1300 972 1374 potest
985 1296 1124 1375 negaret
1136 1331 1181 1344 -

411 1379 476 1440 Sed
489 1381 586 1458 finges
601 1376 680 1438 nihil
695 1378 839 1439 audiesve
852 1379 958 1437 fictum

410 1465 452 1524 Et
467 1463 554 1523 voltu
566 1462 704 1544 placidus
719 1469 773 1539 tuo
787 1464 967 1534 recumbes;

368 1547 474 1611 conec
489 1555 623 1607 crassum
638 1546 778 1606 dominus
791 1544 879 1624 leget
891 1544 1050 1625 volumen,

410 1632 475 1691 Nec
491 1630 530 1690 de
545 1631 681 1691 Gadibus
696 1631 845 1711 improbis
857 1628 981 1710 puellae

410 1715 584 1778 Vibrabunt
599 1717 666 1774 sine
681 1716 743 1773 fine
758 1716 938 1795 prurientes

409 1799 552 1859 Lasciuos
570 1797 661 1859 docili
677 1805 815 1858 tremore
830 1797 913 1858 lumb

411 1882 475 1941 Sed
493 1882 574 1961 qnod
587 1902 650 1942 non
665 1901 757 1961 grave
773 1884 814 1942 sit
831 1901 890 1942 nec
903 1818 1088 1963 isacetnm,

371 1967 504 2029 30Parvi
519 1968 595 2026 tibia
610 1965 735 2046 condyli
752 1968 882 2027 sonabit.

410 2052 496 2112 Haec
510 2058 559 2111 est
575 2051 691 2111 cenula.
719 2049 877 2111 Claudiam
893 2051 1049 2129 aequeris,

410 2137 506 2213 Quam
520 2137 609 2197 nobis
624 2137 710 2217 cupis
725 2153 795 2196 esse
808 2140 843 2194 tu
855 2135 1001 2214 priorem.

778 2240 914 2332 uxmx.
947 2277 953 2287 ⁸

408 2379 586 2443 Undecieus
599 2400 659 2440 una
673 2382 823 2458 surrenti,
846 2379 953 2457 Zoile,
969 2399 1059 2460 cena,

448 2466 490 2526 m
504 2471 619 2524 mutata
630 2466 689 2525 tibi
703 2471 752 2524 est
766 2467 921 2544 synthesis
935 2465 1122 2542 undeciens,

409 2547 511 2608 Sudor
525 2549 704 2608 inhaereret
718 2549 840 2609 madida
853 2570 893 2611 ne
906 2556 993 2610 veste
1007 2555 1150 2610 retentus
1229 2598 1234 2613 r

450 2633 492 2694 m
508 2631 606 2692 laram
621 2635 723 2692 tennis
738 2632 880 2694 laederet
895 2654 967 2694 aura
981 2641 1091 2694 cutem

387 2717 514 2793 equare
530 2735 586 2805 ego
602 2737 663 2776 non
679 2717 771 2796 sudo,
794 2721 846 2797 qui
862 2725 981 2796 tecum,
1002 2716 1110 2796 Zoilo,
1132 2717 1233 2779 ceuo't

449 2800 584 2880 Frigus
576 2802 657 2861 enim
671 2822 812 2882 magnum
826 2805 981 2883 synthesis
995 2822 1055 2863 una
1068 2803 1154 2864 iacit.

779 2937 902 3002 LXXX.

406 3049 476 3110 Non
490 3054 585 3109 totam
600 3050 692 3129 mihi,
717 3051 743 3111 si
757 3053 893 3129 vacabit,
913 3052 1037 3130 horam,

407 3134 511 3195 Dones
526 3142 559 3195 et
572 3132 649 3194 licet
662 3135 795 3215 imputes
810 3137 943 3215 Severe,

406 3218 485 3279 Dum
498 3225 620 3279 nostras
635 3218 712 3298 legis
728 3221 887 3300 exigisque
901 3239 1005 3299 nugas.

406 3303 544 3380 „Durum
558 3309 608 3363 est
621 3302 720 3383 perde
738 3323 757 3364 e
771 3304 904 3364 ferias“:
925 3323 1084 3382 rogamus,

385 3386 557 3448 §iacturam
571 3389 698 3467 patiaris
713 3325 792 3447 Xsnc
807 3388 962 3466 ferasque.
1060 3418 1063 3423 ⁴

405 3469 534 3545 Quod
510 3489 535 3529 sr
552 3468 692 3548 legeris'
682 3489 750 3551 ipse
766 3491 834 3530 cum
849 3470 967 3530 diserto

403 3552 525 3612 —Sed
540 3554 688 3633 numquid
706 3574 808 3613 sumus
822 3555 1031 3633 improbi‘t-
1048 3555 1209 3661 Secundo,

403 3633 478 3695 Plus
493 3634 588 3695 multo
604 3640 662 3697 tibi
682 3638 843 3697 debiturus
857 3639 909 3697 hic
924 3644 987 3718 est,

405 3721 501 3796 Quam
517 3718 613 3779 debet
627 3721 749 3785 domiuo
766 3741 821 3782 suo
836 3720 971 3784 libellus.

363 3814 398 3866 10
405 3803 480 3866 Nam
495 3822 622 3865 securus
637 3807 714 3885 erit,
734 3825 793 3867 nec
807 3807 947 3885 inquieta
