3267 4409
325 475 386 541 188
579 506 582 513 ¹
648 475 693 539 Μ.
708 475 800 589 VAlq.
816 472 1043 538 MARTthlS

409 629 499 690 Hunc
514 647 572 689 nec
586 628 756 710 Cinyphius
771 634 881 690 tonsor
894 626 1073 708 violaverit,
1088 634 1121 690 et
1134 634 1170 690 tu
1213 633 1217 637 ’

450 714 519 794 lpse
534 720 587 774 tua
600 715 685 793 pasci
698 716 778 792 vite,
799 713 920 792 Lyaee‚
942 712 1031 775 velis.

410 797 513 876 Terga
525 799 641 878 premit
655 798 783 877 pecudis
798 799 928 876 geminis
944 798 1039 857 Amor
1053 814 1165 857 aureus
1181 793 1254 857 alise

450 881 606 942 Palladius
622 887 732 942 tenero
746 880 829 942 lotos
846 883 882 941 ab
901 899 956 940 ore
972 886 1071 942 sonat.
1255 884 1266 894 '

366 977 400 1030 15
408 966 458 1027 Sic
472 966 692 1046 Methymnaeo
707 968 825 1044 gavisus
840 967 957 1026 Arione
973 964 1101 1045 delphin

449 1050 606 1129 Languida
619 1069 680 1110 non
694 1051 820 1110 tacitum
834 1069 893 1130 per
908 1051 991 1109 freta
1004 1050 1087 1109 vexit
1103 1067 1190 1109 onus.
1272 1078 1276 1083 v

407 1136 525 1197 Imbuat
539 1135 696 1213 egregium
713 1133 806 1212 digno
821 1135 896 1194 mihi
912 1139 1038 1194 nectare
1051 1152 1160 1193 munus
1200 1165 1202 1169 >
1247 1142 1253 1147 “

449 1219 518 1279 Non
536 1237 630 1298 grege
649 1218 689 1278 de
705 1217 836 1296 domini,
858 1217 915 1277 sed
929 1224 997 1295 tua,
1020 1218 1131 1294 Ceste,
1153 1234 1269 1277 manus.

409 1303 520 1381 Ceste,
544 1303 637 1369 decus
653 1312 794 1380 mensae,
815 1303 910 1361 misce
925 1302 1048 1362 Setinaz
1068 1301 1194 1362 videtur

366 1394 401 1447 20
448 1387 518 1468 lpse
533 1406 612 1466 puer
625 1388 732 1464 nobis,
750 1389 818 1468 ipse
834 1387 922 1446 sitire
941 1404 1043 1467 caper.

408 1472 469 1531 Det
483 1490 643 1531 numerum
658 1473 775 1551 cyathis
791 1471 920 1531 Instanti
933 1469 1041 1530 littera
1056 1467 1142 1530 Rufi:

449 1556 567 1614 Auctor
582 1558 664 1615 enim
678 1557 758 1615 tanti
774 1556 910 1615 minueris
928 1554 983 1614 ille
1000 1555 1083 1615 mihi.

408 1639 441 1698 Si
456 1638 628 1699 Telethusa
641 1641 727 1699 venit
740 1641 952 1719 promissaque
968 1637 1077 1717 gaudia
1090 1640 1213 1717 portat,
1290 1692 1295 1699 .

451 1723 604 1783 Servabor
619 1723 776 1801 dominae,
795 1724 893 1800 Rufe,
915 1724 1032 1782 triente
1047 1729 1118 1797 tno;

366 1814 400 1868 25
408 1806 441 1867 Si
456 1807 547 1867 dubia
565 1813 629 1885 est,
651 1814 799 1887 septunce
812 1808 935 1882 trahor3
957 1807 984 1867 si
998 1805 1082 1867 fallit
1098 1809 1268 1884 amantem,

449 1892 493 1954 Ut
507 1891 643 1972 iugalem
658 1911 762 1971 caras,
783 1910 897 1951 nomen
910 1897 1074 1971 atrumque
1088 1891 1200 1952 bibam.

812 2036 875 2100 Lll.

408 2150 581 2213 Tonsorem
595 2169 740 2231 puerum,
763 2149 820 2210 scd
834 2156 901 2212 arte
914 2146 1026 2230 talem,

408 2235 512 2312 Qualis
526 2253 585 2294 nec
601 2234 765 2295 Thalamus
783 2235 842 2294 fuit
857 2235 1007 2314 Neronis,

407 2320 575 2379 Drusorum
592 2322 641 2378 cui
656 2320 815 2396 contigere
832 2321 962 2397 barbae,

293 2394 300 2409 ⁴
407 2401 592 2482 Aequandas
608 2401 705 2462 semel
722 2403 761 2462 ad
776 2421 870 2482 genas
885 2410 1010 2481 rogatus

386 2487 506 2564 5Ruio,
529 2485 730 2563 (mediolane,
753 2486 950 2546 commodavi.

407 2571 485 2630 llum
500 2572 600 2629 iussus
613 2571 731 2649 repetit
745 2568 826 2651 pilos
841 2570 984 2650 eosdem,

407 2655 546 2740 Censura
558 2652 678 2733 speculi
691 2673 811 2713 manum
825 2658 974 2732 regente,

405 2739 613 2818 Expingitque
628 2744 729 2797 cutem
744 2738 880 2817 facitque
895 2737 1018 2817 longam

406 2822 552 2882 Detonsis
567 2822 791 2900 epaphaeresin
806 2820 943 2903 capillis,

366 2908 554 2969 10Barbatus
567 2906 643 2965 mihi
655 2913 763 2966 tonsor
778 2913 827 2967 est
840 2925 993 2971 reversus.

803 3036 880 3099 Llll.

405 3149 640 3213 Formosissima
655 3170 733 3231 quae
746 3153 836 3214 fuere
851 3150 900 3213 vel
915 3156 1002 3230 sunt,

408 3233 473 3294 Sed
486 3234 632 3299 vilissima
648 3255 725 3315 quae
740 3237 830 3296 fuere
845 3235 894 3296 vel
909 3242 996 3314 sunt,

407 3318 434 3377 0
449 3339 538 3399 quam
556 3327 588 3381 te
601 3322 688 3398 fieri,
711 3319 850 3397 Catulla,
870 3317 983 3379 vellem

405 3402 584 3464 Formosam
599 3406 715 3483 minus,
738 3411 789 3464 aut
803 3404 899 3481 magis
912 3401 1069 3483 pudicam!

803 3530 882 3593 LIV.

407 3647 520 3723 Magna
534 3642 612 3705 licet
624 3645 739 3705 totiens
754 3645 891 3720 tribuas,
912 3643 1027 3703 maiora
1042 3641 1169 3706 daturus

448 3729 552 3810 hona,
573 3727 684 3791 ducum
699 3729 815 3808 victor,
838 3727 936 3789 victor
954 3729 1067 3810 etipse
1082 3729 1144 3808 tui,
