3267 4409
434 492 444 510 2
503 451 842 513 EPIGRAMMATON
854 451 928 515 LIB.
944 452 996 515 IX.
1210 450 1270 516 197
1367 450 1370 455 ’

316 602 428 666 Nullos
443 601 576 682 deniqne
590 622 649 683 per
666 602 741 663 deos
755 601 891 684 deasque

316 691 400 749 iurat
416 685 535 765 Gellia,
557 688 613 748 sed
627 706 685 768 per
698 689 838 751 uniones.

294 775 385 838 §Hos
401 771 614 853 amplectitur,
633 773 691 832 hos
704 770 937 853 perosculatur‚

315 860 384 919 Hos
398 857 514 921 fratres
528 863 616 916 vocat
631 863 663 916 et
677 865 766 916 vocat
780 875 921 936 sorores,

314 943 382 1003 Hos
396 943 478 1002 natis
496 948 577 1002 amat
591 942 691 1000 acrius
707 939 832 1002 duabus.

313 1028 374 1087 His
390 1027 416 1085 si
432 1045 491 1105 quo
508 1032 611 1084 careat
624 1024 742 1084 misella
758 1045 845 1104 casu,

313 1113 472 1174 Victuram
487 1117 582 1188 neget
595 1127 664 1169 esse
679 1128 712 1169 se
727 1111 914 1170 nechoram.

272 1197 418 1272 10Eheu,
440 1196 622 1274 quambene
637 1213 735 1271 nunc,
755 1194 936 1274 Papiriane,

314 1280 436 1340 Annaei
449 1279 570 1340 faceret
583 1297 690 1338 manus
705 1278 831 1339 Sereni!
848 1284 852 1289 ‘

676 1411 825 1475 LXXXII.

314 1527 414 1604 Dante
428 1525 488 1585 tibi
501 1525 592 1584 turba
607 1523 771 1604 querulos,
793 1527 949 1604 Auguste,
969 1522 1112 1605 libellos,

356 1611 420 1671 Nos
435 1627 556 1689 quoque
573 1609 655 1689 quod
669 1609 792 1669 domino
807 1611 942 1670 carmina
953 1630 1047 1690 parva
1060 1611 1180 1691 damus,

313 1694 411 1754 Posse
429 1693 519 1754 deum
533 1696 626 1754 rebus
640 1695 759 1774 pariter
773 1695 934 1773 Musisque
950 1714 1068 1755 vacare

360 1778 494 1855 Scimus,
515 1780 637 1838 ethaeo
652 1780 744 1839 etiam
761 1785 846 1839 serta
860 1777 987 1859 placere
1000 1781 1068 1844 tibi.

293 1861 382 1924 5Fer
395 1867 495 1940 vates,
514 1863 668 1941 Anguste,
689 1868 774 1923 tuos:
795 1882 852 1923 nos
868 1863 968 1942 gloria
984 1861 1100 1942 dulcis,

358 1947 421 2006 Nos
435 1952 487 2006 tua
502 1966 575 2006 cura
588 1949 675 2026 prior
691 1947 884 2026 deliciaeque
899 1966 1011 2009 sumus.

315 2031 385 2090 Non
404 2049 535 2109 quercus
550 2038 583 2090 te
598 2030 664 2090 sola
678 2030 785 2109 decet,
805 2049 865 2091 nec
880 2029 988 2092 laurea
1004 2031 1139 2092 Phoebi:

357 2114 428 2176 Fiat
441 2120 474 2175 et
488 2133 526 2175 ex
539 2114 657 2174 hedera
672 2116 767 2174 civica
780 2121 887 2175 nostra
900 2116 967 2178 tibi.

504 2581 569 2654 u.
598 2579 702 2653 vnn.
730 2572 986 2655 nonanus
1086 2530 1113 2544 '⁸

438 2750 1069 2848 lil'liilibbibibibb
1183 2790 1186 2799 ’

639 2935 875 2997 LIBERIX.

316 3126 414 3202 Note,
435 3121 513 3184 licet
526 3122 624 3202 nolis,
644 3118 766 3182 sublimi
780 3126 910 3201 pectore
923 3126 1024 3194 vates,

359 3210 417 3271 Cui
434 3209 553 3268 referet
567 3227 655 3269 serus
669 3208 805 3286 praemia
820 3204 911 3283 digna
925 3207 1018 3282 cinis,

317 3295 387 3354 Hoc
402 3294 459 3353 tibi
474 3294 529 3369 snb
542 3299 650 3352 nostra
664 3293 759 3351 breve
774 3309 898 3351 carmen
913 3291 1045 3368 imagine
1059 3289 1156 3368 vivat,

359 3379 456 3454 Quam
469 3397 531 3436 non
548 3377 685 3437 obscuris
699 3376 816 3454 iungis,
837 3375 947 3452 civite,
968 3376 1059 3434 viris:
1121 3379 1124 3385 '

275 3462 364 3524 alltc
378 3483 438 3544 ego
452 3481 522 3522 aum
537 3461 620 3521 nulli
633 3481 790 3542 nugarum
807 3460 902 3520 laude
915 3459 1087 3536 secundus,

307 3597 310 3602 .
363 3545 461 3621 Quem
475 3566 539 3606 non
553 3547 692 3621 curaris,
714 3545 772 3604 aed
779 3551 879 3624 puto,
899 3545 1016 3622 lector,
1036 3561 1134 3604 amaa.

320 3630 455 3695 Maioree
468 3632 588 3690 maiora
601 3637 730 3691 sonent:
750 3629 827 3688 mibi
833 3647 935 3708 porca
950 3629 1054 3690 locuto

362 3713 488 3794 Sufficit
503 3716 535 3775 in
550 3721 672 3773 oestron
687 3733 781 3793 coepe
795 3712 898 3773 redire
913 3730 1039 3775 monus.
