3267 4409
702 447 828 496 SATIRA
848 447 895 495 VI.

306 589 483 668 Praecipuus
505 595 600 648 tamen
623 588 807 663 cothorum,
831 588 879 666 qui
899 581 1018 667 saepius
1039 587 1118 667 exul,

306 672 409 753 [Cuius
432 673 554 732 amicitia
582 671 828 749 conducendaque
851 670 958 732 tabella

304 757 426 833 blaguns
448 757 519 816 civis
542 755 603 818 obit
625 764 654 815 et
676 756 844 816 formidatus
869 753 997 832 Othoni]
1133 820 1136 825 .

304 841 375 902 Inde
397 841 469 900 fides
493 841 579 913 artis,
604 841 700 899 sonuit
723 842 747 899 si
770 841 891 900 dextera
913 839 994 899 ierro
1239 850 1291 905 560

304 925 475 1002 Laevaque,
498 925 522 982 si
544 924 633 1001 longo
655 933 815 984 castrorum
837 925 867 983 in
889 939 1011 984 carcere
1031 922 1143 983 mansit.

304 1008 398 1068 Nemo
421 1007 636 1068 mathematicus
659 1009 775 1085 genium
800 1008 978 1067 indemnatus
996 1005 1132 1066 babebit:

305 1093 365 1153 Sed
387 1093 434 1171 qui
457 1109 550 1172 paene
574 1093 666 1171 perit,
689 1093 734 1152 cui
755 1093 804 1151 vix
826 1094 855 1151 iu
878 1089 1007 1167 Cyclada
1030 1091 1103 1150 mitti

305 1174 434 1254 Contigit
455 1184 485 1236 et
506 1194 595 1254 parva
617 1176 730 1236 tandem
752 1177 881 1236 caruisse
904 1174 1040 1251 Seripho,

305 1258 437 1320 Consulit
459 1261 598 1320 ictericae
620 1260 698 1320 leuto
721 1261 757 1320 de
780 1259 883 1321 iuuere
904 1259 1013 1333 matris,
1239 1267 1289 1322 565

304 1344 380 1403 Ante
402 1351 496 1404 tamen
519 1343 555 1404 de
578 1353 608 1404 te
629 1343 770 1422 Tanaquil
791 1353 857 1420 tua,
881 1342 995 1423 quando
1021 1356 1154 1401 sororem

302 1427 415 1489 Efferat
437 1437 467 1487 et
491 1437 625 1506 patruos,
649 1431 744 1488 ausit
766 1429 894 1488 victurus
917 1424 1032 1488 adulter

303 1511 374 1572 Post
395 1511 500 1590 ipsam;
525 1513 592 1591 quid
613 1513 688 1571 enim
709 1514 800 1572 maius
824 1513 893 1572 dare
914 1510 1027 1570 numina
1048 1505 1192 1587 possunt?

345 1594 426 1656 llaec
447 1605 541 1658 tamen
563 1598 694 1673 ignorat,
718 1597 786 1675 quid
809 1597 889 1657 sidus
910 1595 993 1655 triste
1016 1595 1139 1653 minetur

302 1679 435 1755 Saturni,
459 1696 516 1759 quo
539 1680 616 1741 lacta
635 1680 735 1740 Venus
757 1699 791 1740 se
813 1680 945 1759 proferat
966 1687 1057 1754 astro,
1096 1716 1100 1724 -
1238 1687 1289 1744 570

303 1763 360 1837 Qui
380 1766 488 1823 mensis
512 1764 637 1841 damnis,
661 1783 735 1843 quas
758 1766 861 1825 dentur
882 1773 1015 1842 tempora
1036 1762 1135 1829 lucro;

301 1846 384 1908 illius
407 1864 548 1907 occursus
573 1849 658 1909 etiam
679 1849 772 1909 vitare
794 1857 951 1923 memento,

300 1931 335 1991 ln
359 1933 440 1991 cuius
462 1931 591 1992 manibus
614 1951 669 1993 ceu
691 1934 811 2011 pinguia
831 1934 949 1993 succina
970 1930 1054 1989 tritas

303 2013 406 2075 Cernis
428 2015 648 2095 ephemeridas,
672 2034 747 2095 quae
770 2017 879 2076 nullum
901 2013 1026 2076 consulit
1049 2018 1081 2071 et
1101 2013 1156 2073 ianr

303 2096 484 2175 Consulitur,
513 2118 586 2178 quae
609 2109 704 2161 castra
725 2101 789 2160 viro
813 2101 991 2179 patriamque
1016 2103 1135 2174 petente
1236 2106 1287 2161 575

301 2182 368 2243 Non
390 2182 441 2243 ibit
464 2185 591 2261 pariter,
617 2185 744 2244 numeris
765 2192 905 2244 revocata
927 2179 1083 2255 Thrasylli.

300 2266 350 2327 Ad
372 2268 491 2346 primum
513 2267 639 2347 lapidem
660 2270 771 2328 vectari
793 2286 878 2347 quum
900 2267 1017 2345 placet,
1039 2263 1114 2325 bora

301 2351 428 2413 Sumitnr
452 2370 491 2412 ex
512 2351 603 2420 libro;
627 2353 651 2411 si
673 2352 765 2431 prurit
784 2353 886 2412 frictus
908 2349 999 2411 ocelli

301 2434 450 2513 Angulus,
471 2437 604 2514 inspecta
625 2437 729 2513 genesi
752 2436 874 2512 collyria
895 2436 1002 2515 poscit.

301 2516 401 2595 Aegra
422 2519 492 2580 licet
513 2522 624 2597 iaceat,
652 2521 795 2599 capiendo
817 2520 895 2581 nulla
915 2519 1030 2579 videtur
1219 2528 1289 2583 ,580

300 2602 407 2680 Aptior
432 2601 503 2665 hora
528 2604 609 2681 cibo,
632 2606 688 2665 nisi
711 2623 794 2683 quam
818 2605 933 2665 dederit
957 2602 1107 2663 Petosiris.

300 2687 332 2748 Si
354 2686 511 2748 mediocris
534 2690 605 2765 erit,
629 2690 752 2768 spatium
773 2688 908 2750 lustrabit
926 2688 1069 2765 utrimque

299 2769 441 2837 dictarum
464 2781 493 2832 et
518 2781 613 2832 sortes
636 2774 723 2833 ducet
745 2773 929 2851 frontemque
950 2786 1122 2849 manumque

299 2853 457 2935 Praebebit
476 2858 535 2916 vati
558 2855 691 2916 crebrum
713 2873 877 2935 poppysma
898 2854 1022 2932 roganti.

299 2937 444 2998 Divitibus
469 2956 613 3018 responsa
636 2939 742 3000 dabunt
763 2940 861 3015 Phryx
882 2956 974 3016 augur
995 2945 1024 2997 et
1045 2934 1144 3011 ludus,
1238 2945 1288 2999 585

301 3020 469 3083 conductus
493 3023 572 3084 dabit
595 3031 735 3083 astrorum
757 3024 911 3102 mundique
932 3021 1054 3101 peritus,

300 3105 398 3183 Atque
421 3106 526 3186 aliquis
547 3108 662 3183 senior,
688 3108 736 3185 qui
759 3106 877 3185 publica
900 3106 1014 3182 iulgnra
1035 3102 1148 3163 condit:

299 3188 449 3250 Plebeinm
470 3193 498 3251 in
521 3191 600 3251 circo
623 3193 748 3270 positum
769 3199 815 3251 est
836 3199 865 3251 et
887 3191 914 3250 iu
936 3206 1047 3267 aggere
1070 3187 1169 3247 iatum.

300 3273 383 3346 Quae
405 3275 487 3334 nudis
510 3275 626 3352 longum
649 3276 775 3336 ostendit
796 3274 961 3335 cervicibus
979 3289 1102 3347 ¹armum,
1308 3342 1311 3347 Ι

300 3355 435 3418 Consulit
457 3369 523 3419 ante
544 3360 618 3420 falas
640 3360 908 3439 delphinorumque·
922 3358 1083 3433 columnas,
1236 3364 1289 3421 590

300 3441 347 3500 An
370 3461 440 3520 saga
461 3443 598 3505 vendenti
621 3443 724 3520 nubat,
748 3460 881 3522 caupone
906 3442 1023 3503 relicto.

343 3524 405 3587 Hae
426 3536 523 3587 tamen
545 3537 575 3587 et
597 3538 695 3606 partus
720 3528 844 3589 subeunt
869 3528 1024 3589 discrimen
1045 3531 1075 3584 et
1096 3539 1198 3585 omncs

300 3608 430 3670 Nutricis
454 3612 578 3671 tolerant
598 3613 712 3673 fortuna
734 3620 856 3691 sugente
878 3610 1011 3678 laborem

300 3694 362 3754 Sed
384 3694 461 3757 iacet
482 3704 581 3757 aurato
606 3698 655 3757 vix
676 3697 735 3758 ulla
757 3714 905 3777 puerpera
926 3695 1016 3757 locto.
