3267 4409
1291 339 1307 353 'd

598 415 600 419 Ι
1327 400 1332 413 Ι

299 474 389 598 '2⁷0
647 531 1039 600 atvaumaurmals

807 736 875 799 LV.
924 791 931 803 a

408 835 560 897 Hortatur
572 831 744 912 fieriquod
758 839 791 894 te
805 835 925 915 Lupus,
945 835 1077 914 Urbice,
1097 843 1236 917 patrem,

450 919 498 980 Ne
513 918 638 994 credas3
660 917 739 978 nihil
753 925 829 998 ests
840 919 922 998 quod
936 921 1036 980 minus
1049 919 1107 981 ille
1122 920 1210 986 velit.

286 1029 291 1037 ·
410 1005 470 1064 Ars
485 1009 533 1064 est
547 1001 689 1083 captandi
705 1002 787 1080 quod
800 1002 882 1063 nolis
893 1003 975 1064 velle
989 1003 1105 1081 videri3
1169 1040 1174 1051 ψ

450 1089 497 1149 Ne
511 1089 605 1148 facias
621 1091 720 1167 optat,
744 1084 827 1166 quod
840 1093 930 1166 rogat
944 1095 978 1148 ut
993 1089 1100 1155 facias.

387 1172 499 1233 5Dicat
515 1175 733 1251 praegnantem
747 1177 799 1231 tua
813 1190 847 1231 se
862 1172 1012 1232 Cosconia
1026 1178 1160 1235 tantum:

449 1255 599 1317 Pallidior
612 1256 668 1315 fiet
682 1257 741 1315 iam
756 1256 898 1336 pariente
912 1256 1026 1336 Lupus.

408 1342 451 1400 At
464 1347 497 1400 tu
512 1338 640 1400 consilio
656 1339 788 1401 videaris
803 1347 837 1399 ut
851 1359 923 1400 usus
938 1341 1044 1420 amici,
1096 1413 1099 1418 Ι

450 1425 502 1485 Sic
516 1443 654 1504 morere,
674 1429 709 1484 ut
721 1424 836 1485 factum
852 1430 883 1484 te
898 1431 987 1506 putet
1001 1443 1069 1486 esse
1082 1431 1212 1507 patrem.

322 1654 325 1668 ·
410 1620 500 1698 Quod
513 1620 638 1681 nimium
652 1625 797 1695 mortem,
819 1620 1012 1680 Chaeremon
1028 1617 1148 1699 Stoice,
1169 1617 1291 1701 laudas,

449 1705 505 1766 Vis
521 1705 651 1763 animum
666 1706 761 1764 mirer
776 1706 999 1783 suspiciamque
1012 1709 1108 1765 tuum.

408 1789 496 1848 Hanc
510 1789 568 1848 tibi
582 1789 726 1847 virtutem
740 1788 839 1847 fracta
852 1788 926 1847 facit
940 1806 1051 1847 urceus
1066 1807 1139 1848 ansa

449 1873 491 1934 Et
504 1873 603 1932 tristis
616 1870 702 1930 nullo
717 1872 768 1950 qui
783 1878 872 1950 tepet
884 1873 956 1950 igne
970 1872 1068 1949 focus,
1104 1892 1111 1901 ⁴

390 1957 454 2018 aut
467 1962 555 2034 teges
570 1962 602 2016 et
616 1956 714 2015 cimex
728 1962 760 2014 et
774 1955 850 2015 nudi
865 1954 982 2035 sponda
996 1956 1133 2035 grabati,

449 2043 491 2104 Et
508 2043 610 2114 brevis
625 2045 716 2119 atque
730 2038 839 2100 eadem
852 2046 944 2100 nocte
960 2039 1072 2118 dieque
1086 2047 1168 2119 togn

408 2125 434 2185 0
450 2145 538 2205 quam
553 2144 677 2204 magnus
691 2126 782 2184 homo
798 2143 848 2202 es,
871 2125 923 2202 qui
938 2125 1025 2184 faece
1040 2125 1181 2187 rubentia
1194 2128 1273 2188 aceti

448 2211 491 2271 ut
507 2208 619 2290 stipula
633 2215 666 2269 et
679 2210 767 2287 nigro
783 2227 862 2288 pane
877 2227 984 2268 carere
997 2209 1101 2288 potes!

406 2296 587 2355 Leuconicis
603 2292 731 2372 agedum
746 2299 863 2353 tumeat
876 2294 933 2353 tibi
948 2291 1060 2353 culcita
1073 2290 1154 2354 lanis

365 2388 401 2440 10
450 2379 709 2456 Constringatque
724 2384 792 2437 tuos
804 2397 939 2456 purpura
953 2396 1030 2456 pexa
1043 2382 1147 2456 toros,

406 2461 544 2522 Dormiat
559 2468 591 2521 ct
605 2467 723 2538 tecum,
746 2462 798 2538 qui
815 2479 882 2519 cum
897 2460 988 2520 modo
1004 2462 1145 2522 Caecuba
1158 2463 1268 2525 miscet

447 2545 595 2606 Convivas
609 2563 700 2605 roseo
714 2550 849 2603 torserat
865 2563 919 2604 ore
935 2562 1029 2624 puer:

407 2629 432 2689 0
449 2649 536 2708 quarn
554 2635 588 2688 tu
602 2629 707 2707 cupies
724 2633 775 2686 ter
788 2629 892 2687 vivere
907 2629 1048 2688 Nestoris
1062 2649 1158 2692 annos
1238 2652 1243 2663 ’

446 2714 487 2776 Et
500 2711 579 2771 nihil
596 2730 633 2771 en
646 2709 710 2770 nlla
724 2710 859 2790 perdere
873 2710 943 2772 luce
956 2712 1057 2773 voles!

363 2808 397 2859 15
404 2799 507 2858 Rebus
521 2798 552 2855 in
568 2797 704 2873 angustia
719 2793 813 2855 facile
830 2802 879 2855 est
894 2803 1093 2858 contemnere
1106 2798 1216 2861 vitame

445 2881 585 2942 Fortiter
598 2878 654 2940 ille
668 2880 758 2958 facit,
781 2881 833 2958 qni
847 2881 942 2941 miser
958 2899 1027 2942 esse
1042 2889 1157 2964 potest.

795 2993 886 3056 LVll.

403 3092 544 3170 Miraris,
567 3091 658 3153 docto
674 3089 757 3171 quod
769 3094 905 3161 carmina
921 3095 1009 3155 mitto
1026 3093 1159 3174 Severo,

445 3176 495 3236 Ad
510 3195 615 3236 cenam
630 3197 697 3236 enm
712 3183 759 3255 te,
776 3176 867 3238 docte
883 3178 1015 3257 Serere,
1034 3178 1163 3240 vocem?
1193 3196 1196 3203 ·

402 3261 540 3341 luppiter
556 3262 708 3321 ambrosia
721 3267 806 3321 satur
822 3267 870 3322 est
884 3269 917 3322 et
931 3271 1057 3324 nectare
1071 3262 1162 3338 rivit3

443 3345 506 3406 Nos
521 3351 623 3406 tamen
638 3352 707 3406 exta
721 3346 783 3406 lovi
798 3345 892 3405 cruda
906 3365 1086 3427 merumque
1101 3345 1215 3412 damus.

381 3428 513 3490 50mnia
529 3450 597 3489 curn
610 3431 668 3490 tibi
686 3431 748 3490 sint
763 3429 844 3489 dono
859 3449 1005 3491 concessa
1019 3431 1164 3510 deorum,

444 3512 479 3573 Si
493 3513 575 3592 quod
588 3512 683 3574 habes
697 3533 760 3573 non
772 3515 834 3591 vis,
856 3532 930 3594 ergo
947 3514 1021 3595 quid
1036 3514 1191 3599 accipies?

401 3708 478 3770 Cum
492 3727 540 3769 me
554 3707 636 3770 velle
649 3708 735 3771 vides
751 3628 956 3791 telelllldua‘
970 3704 1312 3795 Telesphormentia,

442 3793 556 3874 Magna
567 3813 675 3874 rogas3
694 3801 769 3876 puta
783 3814 832 3855 me
848 3794 944 3856 velle:
965 3815 1080 3876 negare
1094 3794 1181 3860 licet.
