3267 4409
643 453 688 573 ιιι.
704 466 796 531 van.
812 464 1040 529 musanus
1120 518 1124 523 .
1237 422 1240 427 ’

792 669 899 733 LXIV.

406 784 466 861 Qui
480 788 590 844 tonsor
602 787 668 843 tota
681 783 785 843 fueras
800 781 977 842 notissimus
989 782 1085 861 urbe,

446 868 488 928 Et
507 867 652 946 posthoc
667 865 808 925 dominae
822 883 951 926 munere
965 865 1064 926 factus
1080 885 1194 948 eques,

407 951 543 1013 Sicanias
559 951 651 1010 urbes
664 949 864 1028 Aetnaeaque
879 968 975 1027 regna
988 952 1113 1029 petisti,

448 1036 612 1113 Cinname,
631 1054 698 1093 eum
713 1034 838 1112 fugeres
853 1035 955 1093 tristia
969 1035 1036 1093 iura
1050 1035 1121 1096 fori.

383 1120 474 1197 5Qua
490 1137 570 1177 nuno
585 1123 652 1178 erte
667 1136 773 1196 graves
787 1116 936 1177 tolerabis
947 1117 1067 1185 Inutilis
1080 1121 1200 1182 annosi

449 1201 530 1280 Quid
543 1201 618 1262 facit
632 1200 742 1262 infelix
756 1207 789 1261 et
800 1201 927 1278 fugitIva
943 1203 1051 1279 quies?

407 1287 476 1348 Non
490 1287 615 1364 rhetor,
636 1305 700 1346 non
713 1287 926 1364 grammaticus
941 1284 1046 1346 ludive
1062 1288 1228 1367 magister,

447 1369 516 1430 Non
532 1370 680 1449 Cynicus,
701 1389 764 1428 non
778 1376 812 1429 tu
827 1368 948 1428 Stoicus
963 1388 1032 1445 esse
1046 1376 1154 1450 potes,

406 1453 554 1517 Vendere
568 1472 627 1512 nec
640 1473 746 1514 vocem
762 1451 874 1513 Siculis
888 1452 1089 1533 plausumque
1106 1456 1269 1516 theatrisr.

364 1548 398 1601 10
447 1535 537 1614 Quod
550 1543 709 1619 superest,
729 1539 860 1614 iterum,
883 1536 1046 1617 Cioname,
1068 1544 1177 1599 tonsor
1191 1541 1264 1602 eris.

793 1669 887 1733 LXV.

403 1783 457 1842 Lis
471 1786 505 1840 te
523 1780 570 1839 his
586 1777 722 1840 decimae
737 1789 949 1844 numerantem
963 1783 1080 1863 frigora
1095 1784 1222 1845 brumae

448 1865 592 1926 Conterit
609 1883 668 1923 uua
681 1866 799 1944 trihus,
821 1865 1014 1946 Gargiliune,
1036 1868 1122 1930 foris.
1184 1894 1189 1903 ¹

404 1950 454 2011 Ah
467 1950 561 2008 misor
576 1954 609 2008 et
624 1947 764 2008 demens!
786 1950 895 2029 viginti
910 1950 1013 2031 litigat
1028 1953 1114 2012 annis

447 2033 630 2113 Quisquam,
653 2034 702 2093 cui
716 2035 822 2113 vinci,
837 2035 1031 2115 Gargilium,
1052 2034 1152 2095 licet?

789 2183 895 2246 LXVI.

403 2293 563 2355 Heredem
575 2295 689 2358 Fabius
703 2295 872 2357 Labienum
887 2313 924 2354 ex
938 2313 1006 2354 asse
1023 2292 1166 2374 reliquit:

445 2377 521 2439 Plus
536 2379 686 2440 meruisse
700 2385 803 2440 tamen
817 2399 851 2439 se
865 2379 1019 2473 Labienus
1034 2379 1085 2441 ait.

780 2513 899 2578 LXVII.

402 2622 551 2684 Paedicat
563 2642 677 2704 pueros
691 2625 788 2684 tribas
803 2623 962 2685 PhIlaenis

402 2709 444 2769 Et
459 2708 611 2786 tentigine
625 2709 746 2768 saevior
760 2709 862 2768 mariti

401 2790 550 2852 Undenas
563 2797 651 2853 vorat
662 2793 696 2852 in
711 2791 762 2851 die
774 2791 902 2876 puellas.

401 2875 555 2956 Harpasto
571 2894 691 2957 quoque
706 2875 857 2955 sublIgato
868 2874 950 2936 ludit

380 2959 445 3024 stit
456 2961 594 3021 flavescit
607 2960 724 3040 haphe,
742 2979 910 3040 gravesque
926 2960 1048 3022 draums

403 3043 548 3105 Halteras
565 3043 650 3105 facili
666 3052 749 3106 rotat
763 3044 899 3125 lacerto,

402 3131 445 3190 Et
459 3130 544 3211 putri
557 3128 710 3191 lutulenta
725 3129 764 3190 de
777 3130 932 3210 palaestra

402 3214 497 3274 Uncti
511 3217 642 3275 verbere
656 3214 779 3295 vapulet
793 3215 947 3292 magIstri:

401 3297 466 3358 Nec
481 3305 571 3359 cenat
585 3300 671 3379 prius
687 3305 739 3359 aut
754 3299 906 3358 recumbit
920 3302 1006 3373 aute,

361 3383 495 3458 loQuam
508 3389 627 3463 septem
641 3385 756 3443 vomuit
769 3400 871 3441 meros
889 3379 1042 3452 deuncem

401 3464 451 3525 Ad
465 3487 540 3544 quos
556 3467 601 3527 Iar
618 3467 677 3526 sihi
692 3473 764 3526 tunc
779 3470 867 3545 putat
880 3465 1013 3541 reverti,

402 3550 478 3609 Cum
492 3549 624 3629 coliphia
638 3548 771 3611 sedecim
788 3545 931 3608 comedit.

400 3633 476 3693 Post
490 3634 567 3692 hoec
582 3635 681 3693 omnia
697 3652 764 3693 cum
777 3630 974 3708 libidinatnr,

400 3717 467 3776 Non
481 3715 628 3778 fellat-
640 3722 728 3799 putat
741 3719 801 3776 hoc
815 3734 923 3796 parum
936 3713 1026 3776 virile
1045 3749 1099 3793 -‚
