3267 4409
681 430 806 479 saullrn
831 433 909 481 Xlll·

297 576 424 655 Eillgies
447 574 522 635 inter
543 578 657 633 vestras
677 580 857 653 statuamque
877 573 1005 652 Vagolli.

341 659 474 739 Accipe,
498 675 573 737 quae
597 665 698 716 contra
715 658 812 718 valeat
832 659 936 719 solatia
955 660 1034 720 ferre

297 744 336 809 Et
357 745 412 823 qui·
429 760 484 803 noc
506 740 651 817 Cynicos,
674 760 730 801 nec
752 743 852 803 Stoica
873 743 1008 821 dogmata
1030 744 1103 823 legit

296 831 326 892 Δ
348 828 466 905 Cynicis
488 827 584 886 tunica
606 826 758 901 distantia,
782 845 840 887 non
858 826 1018 907 Epicurum

297 914 429 993 Suspicit
447 911 544 987 exigui
567 910 673 969 laetnnr
696 910 877 989 plantaribus
897 912 983 973 horti.

299 996 445 1059 Curentur
466 995 543 1057 dubii
565 995 687 1054 medicis
708 995 867 1079 maioribus
887 998 979 1073 aegri,

297 1083 343 1146 'lu
373 1098 476 1142 venam
507 1080 557 1141 vel
588 1078 734 1158 discipulo
755 1082 901 1141 committo
919 1080 1053 1161 l'bilippi.

297 1169 330 1231 Sl
348 1165 456 1228 nullum
479 1164 615 1224 interris
638 1171 694 1224 tam
717 1164 892 1225 detestabile
915 1165 1022 1226 lactum

298 1250 457 1326 Ostendis,
480 1258 583 1323 laceo,
608 1266 663 1308 nec
689 1250 793 1326 pugnis
818 1249 945 1309 caedere
965 1259 1069 1329 pectus

297 1336 343 1405 'l'e
364 1342 434 1395 velo
456 1351 513 1393 nec
535 1332 620 1410 plana
643 1333 748 1392 faciem
768 1328 949 1394 'contundere
972 1335 1081 1414 palma;

298 1417 542 1497 Quandoquidem
563 1425 689 1495 accepto
713 1417 873 1478 claudenda
893 1428 939 1478 est
961 1420 1043 1480 ianua
1066 1419 1179 1500 damno,
1208 1426 1211 1432 '

297 1504 337 1569 Et
358 1503 468 1563 maiore
491 1500 593 1561 domus
615 1503 741 1579 gemitu,
763 1504 872 1562 maiore
894 1502 1014 1564 tumultu
1054 1522 1057 1527 ·

297 1588 478 1665 Planguntnr
495 1586 615 1661 nnmmi,
638 1604 722 1665 quarn
745 1585 858 1648 lunera.
902 1586 996 1647 Nemo
1018 1586 1150 1649 dolorem

296 1670 396 1751 Fingit
419 1672 446 1730 in
466 1670 524 1730 lroc
545 1687 631 1745 casu,
650 1680 763 1730 uestem
785 1672 925 1732 diducere
946 1689 1083 1733 summam
1109 1696 1112 1701 ·

298 1756 478 1830 Contentus,
502 1771 611 1814 vexare
634 1754 739 1815 oeulos
757 1754 880 1815 humore
902 1766 1022 1818 coacto:

296 1840 435 1905 Ploratm·
456 1840 583 1899 lacrimis
606 1840 710 1899 amissa
733 1842 857 1918 pecnnia
876 1843 966 1900 veris.

296 1924 362 1989 Sed
384 1925 408 1986 si
430 1932 533 1983 cuncta
555 1923 638 1983 vides
662 1924 744 1984 simili
766 1924 831 1985 lora
853 1925 940 2002 plena
963 1925 1105 2005 querella,

296 2010 332 2074 si
356 2008 457 2071 decies
479 2007 565 2069 lectis
585 2007 701 2070 diversa
724 2017 806 2087 parte
827 2008 945 2068 labellis

295 2092 383 2155 Vana
403 2092 577 2171 supervacui
599 2091 696 2152 dicunt
722 2092 916 2171 chirographa
938 2093 1019 2170 ligni,

295 2176 407 2257 Auguit
429 2178 557 2256 ipsorum
580 2194 653 2254 quos
676 2177 770 2237 littera
794 2195 966 2255 gemmaque
989 2178 1127 2258 princeps

296 2261 535 2337 sardonychum,
555 2260 661 2321 loculis
685 2279 758 2340 quae
783 2261 942 2323 custoditur
963 2261 1106 2323 eburnisz'

297 2346 393 2423 Ten',
416 2362 434 2406 o
457 2345 593 2406 delicias!
618 2355 699 2406 extra
724 2347 884 2406 communia
902 2364 1009 2407 censes

296 2430 486 2507 Ponendum,
508 2431 574 2507 quia
591 2439 619 2490 tu
642 2430 768 2507 gallinae
790 2432 867 2491 lilius
887 2430 984 2508 albae,

296 2514 363 2577 Nos
385 2514 460 2575 viles
483 2515 573 2593 pulli,
596 2517 653 2575 nati
676 2514 841 2575 infelicibus
865 2512 949 2576 ovis?

296 2599 376 2663 Rem
396 2599 505 2678 pateris
526 2599 668 2659 modicam
691 2608 721 2659 et
741 2599 884 2661 mediocri
903 2600 962 2661 bile
985 2599 1146 2676 ferendam,

298 2684 333 2749 Si
356 2682 459 2745 dectus
482 2683 586 2743 oculos
606 2685 716 2745 maiora
738 2684 774 2745 ad
796 2687 926 2746 crimina.
972 2681 1082 2744 Confer

299 2766 484 2831 Conductum
503 2768 662 2844 latronem,
684 2770 819 2829 incendia
850 2771 961 2831 sulfure
1001 2776 1108 2846 coepta

298 2852 400 2932 Atque
423 2852 509 2928 dolo,
533 2854 642 2932 primos
664 2871 749 2932 qurum
771 2856 855 2914 ianua
879 2852 991 2930 colligit
1011 2853 1113 2929 ignes;

300 2934 415 2999 Confer
437 2947 466 2998 ot
487 2936 560 3014 bos,
581 2938 691 2998 veleris
714 2939 763 3018 qui
786 2938 888 2998 tollunt
909 2935 1031 3014 grandia
1053 2935 1154 3015 templi

297 3020 412 3085 Pocula
431 3023 596 3083 adorandae
619 3022 759 3100 robiginis
778 3031 806 3083 et
829 3022 1004 3102 populorum

297 3106 388 3169 Dona
409 3107 458 3167 rel
476 3108 593 3186 antiquo
614 3109 725 3185 positas
746 3125 763 3167 a
785 3124 858 3184 rege
881 3123 1015 3167 coronas.

292 3190 385 3253 'llaec
405 3190 445 3251 ibi
464 3192 488 3252 si
506 3209 563 3251 non
586 3201 668 3267 sunt,
690 3193 783 3251 minor
805 3201 901 3252 exstat
922 3189 1101 3266 sacrilegus,
1128 3190 1176 3268 qni
1242 3199 1293 3251 150

243 3342 247 3351 ,
298 3274 398 3339 Radat
419 3275 538 3337 inaurati
559 3277 652 3336 lemur
667 3276 801 3337 Herculis
825 3286 854 3336 et
877 3276 982 3335 faciem
1002 3276 1099 3352 ipsam.

246 3402 248 3407 -
296 3358 446 3439 Neptuni,
469 3361 516 3438 qui
538 3359 717 3420 bracteolam
740 3361 778 3420 dc
801 3357 926 3419 Castore
949 3359 1049 3427 ducam

296 3443 347 3506 Au
370 3442 499 3521 dubitet,
516 3445 624 3504 solitus
644 3454 734 3505 toturn
758 3444 885 3504 conllare
910 3439 1089 3504 Tonantem?

297 3525 414 3590 Confer
436 3537 466 3588 et
487 3529 615 3590 artillces
635 3538 886 3605 mercatoremque
908 3528 1013 3587 veneni

295 3610 338 3675 m
359 3610 563 3673 deducendum
581 3616 662 3674 corio
681 3614 765 3674 bovis
785 3614 813 3671 irs
834 3629 930 3686 mare,
952 3629 1016 3672 oum
1038 3627 1098 3691 quo
1243 3620 1292 3672 155

297 3693 455 3761 Clauditur
476 3696 606 3759 adversis
629 3699 744 3759 innoxia
766 3697 847 3758 simia
864 3696 942 3757 latis.
1155 3696 1180 3737 ⁸
