3267 4409
325 488 388 553 232
649 487 801 553 MVAL.
817 487 1043 553 MARTIALIS

449 642 492 706 Et
505 644 698 723 praetextata
712 639 811 701 cultus
826 642 975 721 amicitia,

386 725 460 788 5Tu
474 727 567 801 iacis;
587 726 620 784 in
634 726 730 785 terris
747 744 807 803 quo
821 743 884 785 non
899 732 948 786 est
961 723 1043 788 alter
1056 727 1185 791 Hiberis

450 807 580 870 Dulcior
596 815 630 869 et
642 827 716 868 vero
725 807 841 886 dignus
861 828 965 870 amore
978 811 1083 890 magis.

410 893 528 955 Tecum
542 911 600 972 ego
614 891 663 952 vel
678 893 751 952 sicci
768 891 900 952 Gaetula
913 893 1043 974 mapalia
1056 895 1155 958 Poeni

449 979 492 1038 Et
505 984 645 1057 poteram
660 976 821 1056 Scythicas
834 977 932 1037 hostis
948 997 1049 1038 amare
1065 999 1158 1042 casas.

408 1062 442 1123 Si
455 1063 513 1123 tibi
529 1081 614 1121 mens
629 1060 753 1138 eadem,
769 1062 796 1120 si
810 1062 910 1121 nostri
924 1068 1027 1122 mutua
1042 1082 1115 1124 cura
1128 1056 1194 1146 est,

366 1157 401 1210 lo
448 1147 483 1207 ln
498 1163 680 1226 quocunque
693 1142 763 1205 loco
778 1144 874 1205 Roma
889 1144 1006 1215 duobus
1020 1148 1092 1209 erit.
1219 1189 1224 1198 -

789 1332 792 1337 .
808 1279 889 1342 XXI.

409 1391 555 1454 Scribere
570 1398 602 1453 te
620 1410 698 1471 quae
712 1393 762 1452 vix
775 1391 929 1472 intelligat
942 1393 1010 1472 lpse
1024 1391 1201 1457 Modestus.

449 1478 491 1537 nt
505 1479 554 1538 vlu
569 1475 736 1554 Claranus,
759 1476 833 1555 quid
846 1496 938 1554 rogo,
960 1476 1070 1555 Sexte,
1092 1477 1197 1539 iuvat‘i

407 1559 477 1621 Non
490 1560 609 1620 lectore
625 1562 687 1621 tuis
702 1580 778 1640 opus
793 1565 857 1638 est,
878 1559 934 1620 sed
948 1560 1113 1642 Apolline,
1133 1561 1243 1640 litrtss

448 1642 553 1705 IudIce
567 1649 599 1703 te
613 1646 710 1704 maior
725 1645 823 1705 Cinna
838 1644 969 1704 Marone
982 1645 1051 1707 fuit.

385 1727 460 1792 esic
475 1735 526 1787 tua
539 1725 706 1788 laudentur
720 1745 899 1787 sane:·mea
913 1729 1063 1809 carmina,
1087 1729 1198 1810 Sexte,
1298 1804 1301 1809 Ι

450 1812 662 1874 Grammaticis
676 1810 834 1893 placeant,
855 1812 971 1872 ataine
987 1813 1210 1879 Grammaticis.
1245 1836 1249 1843 ·

810 1943 905 2006 XXII.

409 2062 473 2123 cur
487 2058 640 2142 spleniato
655 2077 748 2139 saepe
762 2056 911 2139 prodeam
925 2064 1029 2119 mento

407 2144 525 2206 Albave
539 2146 639 2226 pictus
654 2163 726 2204 sana
739 2142 826 2204 labra
841 2161 980 2220 cerussa,

407 2229 566 2309 Philaeni,
589 2228 734 2308 quaeris?
755 2229 877 2289 basiare
890 2233 923 2288 te
939 2224 1023 2288 nolo.

789 2375 896 2438 XXIII.
949 2402 952 2406 ⁴

297 2556 299 2561 ,
407 2490 469 2550 Iam
483 2494 625 2549 numerat
637 2485 760 2569 placido
775 2488 852 2549 felix
865 2491 1018 2550 Antonius
1031 2508 1105 2552 aevo

451 2571 659 2650 Quindeciens
675 2578 757 2632 actas
773 2572 895 2632 Primus
911 2571 1108 2654 Olympiadas

406 2657 661 2735 Praeteritosque
677 2655 743 2715 dies
755 2662 788 2716 et
802 2662 885 2716 totos
900 2659 1031 2736 respicit
1045 2677 1158 2738 annos,

408 2760 418 2780 ’
448 2740 514 2801 Nec
527 2741 637 2800 metuit
651 2739 768 2800 Lethes
781 2741 841 2799 iarn
856 2741 1012 2820 propioris
1026 2762 1128 2821 aquas.

386 2822 501 2886 aNulls
514 2823 692 2884 recordanti
705 2823 757 2884 lua
771 2829 820 2884 est
834 2825 954 2902 Ingrata
970 2827 1147 2905 gravisquea

449 2906 541 2969 Nulla
557 2908 634 2986 fuit,
656 2908 741 2968 cuius
754 2927 817 2967 non
831 2908 1006 2970 meminisse
1020 2908 1105 2972 velit.

407 2991 544 3073 Ampliat
557 2993 666 3053 aetatis
680 2992 810 3072 spatium
826 2993 885 3052 sibi
898 2994 945 3053 vir
958 2993 1072 3054 bonus:
1088 2994 1148 3075 Iioc
1162 2999 1212 3056 est

450 3079 565 3142 Vivere
579 3077 644 3157 bis,
664 3078 726 3138 vita
740 3095 832 3156 posse
846 3078 953 3158 priore
966 3077 1038 3140 frui.

423 3244 427 3253 ·
791 3211 902 3275 XXIV.

408 3321 533 3383 Natales
549 3323 625 3383 mihi
636 3322 769 3384 Martiae
782 3320 958 3403 Kalendae,

406 3407 473 3466 Lux
487 3406 652 3466 formosior
666 3409 806 3475 omnibus
820 3404 978 3483 Kalendis,

408 3490 475 3566 Qua
491 3492 616 3551 mittunt
629 3492 703 3551 mihi
715 3509 826 3557 munus
841 3496 874 3551 et
886 3491 1027 3571 puellae,

408 3573 664 3654 Quinquagesima
677 3574 738 3634 liba
755 3575 977 3654 septimamque

408 3656 531 3720 Vestris
546 3658 684 3718 addimus
699 3659 778 3716 hunc
792 3657 871 3716 focis
886 3676 1032 3720 acerram.

406 3741 464 3802 Ilis
479 3760 549 3823 vos,
571 3742 598 3802 si
612 3747 715 3803 tamen
729 3739 871 3823 expedit,
891 3746 1013 3822 roganti

1253 3052 1272 3109 d

919 4062 1056 4088 'adh'-
