3267 4409
325 466 390 532 204
644 466 691 531 Μ.
706 465 798 531 VAL.
813 464 1040 528 MARTIALIS

387 623 478 684 5Non
493 619 589 682 solam
604 621 714 680 tribuit
726 618 828 679 Pallas
842 620 916 695 tibi,
938 620 1035 697 Care,
1057 638 1217 701 coronam3

450 707 595 786 Effigiem
611 705 743 784 domini,
764 722 855 783 quam
870 703 962 781 colis,
983 701 1040 763 illa
1057 701 1165 766 dedit..

793 836 891 899 XXV.

406 954 537 1033 Dantem
552 953 622 1012 rina
635 957 720 1012 tuum
736 948 879 1031 quotien's
893 949 1224 1034 aspeximusflyllum,

449 1037 578 1101 Lumine
589 1055 662 1114 nos,
683 1035 777 1112 Afer,
799 1034 972 1096 turbidiore
987 1042 1084 1098 notas.
1129 1072 1132 1077 ·

409 1121 508 1199 Quod,
516 1138 601 1199 rogo,
615 1119 806 1199 quodscelus
814 1126 872 1197 est,
885 1118 1010 1178 mollem
1019 1125 1160 1200 spectare
1168 1122 1303 1184 ministra

450 1206 622 1286 Aspicimus
638 1203 749 1282 solem,
771 1204 891 1281 sidera,
913 1203 1044 1283 templa,
1066 1202 1150 1266 deos.

386 1291 555 1352 5Avertam
568 1287 685 1365 voltus,
706 1295 850 1366 tanquam
864 1289 938 1347 mihi
953 1286 1063 1368 pocula
1078 1288 1205 1366 Gorgon

449 1374 594 1451 Porrigat
608 1377 700 1450 atque
716 1371 822 1432 oculos
840 1372 954 1451 oraque
969 1378 1075 1432 nostra
1087 1374 1196 1452 petati

409 1456 494 1518 Trux
508 1463 576 1517 erat
589 1453 731 1535 Alcides,
753 1462 786 1533 et
799 1454 902 1535 Hylan
919 1462 1060 1536 spectare
1074 1456 1206 1532 licebat;

449 1540 572 1601 Ludere
588 1541 746 1600 Mercurio
763 1559 831 1601 cum
847 1540 1025 1619 Ganymede
1044 1539 1129 1602 licet.

324 1640 326 1642 ’
408 1624 441 1685 Si
455 1643 517 1684 non
529 1626 575 1685 vis
590 1629 716 1685 teneros
732 1631 854 1704 spectet
868 1626 992 1684 conviva
1007 1626 1181 1705 ministros,
1299 1685 1302 1691 ,

365 1720 399 1772 10
445 1708 579 1769 Phineas
592 1707 720 1788 invites,
742 1708 836 1786 Afer,
858 1714 891 1769 et
906 1707 1090 1790 Oedipodas.
1185 1773 1195 1784 Ι

786 1842 895 1904 XXVI.

406 1954 509 2018 Audet
524 1953 655 2016 facundo
672 1956 724 2036 qui
739 1958 874 2016 carmina
888 1958 1014 2018 mittere
1028 1957 1166 2039 Nervae,

446 2039 567 2101 Pallida
581 2040 708 2101 donabit
721 2040 877 2123 glaucina,
900 2041 1029 2120 Cosme,
1050 2044 1126 2118 tibi;

405 2124 555 2186 Paestano
571 2125 665 2185 violas
680 2130 713 2185 et
728 2146 802 2185 cana
814 2125 945 2204 ligustra
960 2123 1088 2205 colono,

446 2209 598 2289 Hyblaeis
612 2211 719 2290 apibus
734 2211 862 2271 Corsica
877 2208 972 2270 mella
987 2208 1082 2272 dabit.
1098 2245 1141 2257 --

384 2291 471 2356 bsed
486 2300 588 2354 tamen
603 2299 636 2352 et
649 2313 761 2373 parrae
775 2293 924 2354 nonnulla
937 2299 986 2354 est
1000 2296 1099 2373 gratia
1113 2295 1241 2372 Murae5

448 2378 614 2457 Appetitur
627 2379 729 2456 posito
743 2377 814 2438 vilis
831 2377 910 2439 oliva
923 2377 1015 2458 lupo}

403 2460 469 2521 Nec
484 2463 542 2521 tibi
556 2462 598 2521 sit
610 2461 738 2540 mirum,
759 2462 872 2522 modici
889 2463 971 2540 quod
987 2463 1109 2524 conscia
1122 2466 1200 2526 ratis
1219 2504 1221 2512 ι

446 2544 593 2604 Iudicium
609 2547 718 2606 metuit
732 2552 839 2606 nostra
855 2544 966 2606 Thalia
980 2552 1083 2626 tuum,

403 2627 473 2707 lpse
488 2634 554 2688 tuas
570 2629 662 2688 etiam
676 2631 793 2689 veritus
808 2629 891 2689 Nero
907 2629 1021 2690 dicitur
1035 2651 1141 2712 aures,
1209 2678 1212 2684 .

363 2721 396 2773 10
437 2712 596 2772 Lascivum
609 2713 727 2773 iuvenis
742 2734 809 2775 cum
824 2714 882 2774 tibi
896 2712 973 2775 lusit
986 2735 1072 2797 opus.
1194 2766 1198 2773 .

775 2847 900 2911 XXVII.

403 2960 480 3020 Cum
496 2957 666 3041 depilatus,
689 2962 840 3042 Chresto,
863 2962 968 3025 coleos
983 2970 1091 3044 portes

400 3043 444 3103 ut
455 3042 612 3105 vulturino
626 3045 792 3107 mentulam
807 3067 913 3127 parem
929 3048 1011 3109 collo

402 3128 445 3188 Et
456 3131 632 3208 prostitutis
649 3129 747 3191 levius
764 3140 856 3212 caput
870 3132 965 3211 culis,
1030 3197 1032 3202 ,
1089 3196 1091 3201 ,
1115 3199 1123 3210 ,

401 3212 467 3272 Nec
481 3215 561 3275 vivat
576 3214 655 3274 ullus
670 3217 702 3275 in
716 3221 770 3274 tuo
784 3216 866 3296 pilus
882 3235 989 3293 crure,

381 3296 606 3376 5Purgentque
621 3318 729 3359 saevae
746 3320 820 3359 cana
836 3299 921 3360 labra
935 3299 1102 3377 volsellae3

404 3381 531 3457 Curios,
553 3382 716 3461 Camillos,
740 3385 898 3461 Quintius,
920 3386 1050 3464 Numas,
1071 3387 1192 3468 Ancus,
1214 3444 1218 3453 ,

401 3464 445 3525 Et
460 3464 609 3543 quidquid
623 3465 901 3546 unquamlegimus
915 3467 1086 3549 pilosorum

403 3547 556 3627 Loqueris
573 3569 724 3630 sonasque
739 3551 906 3628 grandibus
924 3554 1025 3614 minax
1038 3555 1160 3636 verbis,

403 3631 446 3692 Et
462 3651 530 3691 cum
544 3635 675 3694 theatris
691 3635 875 3714 saeculoque
889 3636 1010 3700 rixaris.

359 3724 396 3778 10
405 3715 550 3778 Occurrit
563 3717 674 3798 aliquis
688 3720 772 3780 inter
782 3720 842 3780 ista
854 3720 881 3780 si
895 3719 1043 3801 draucus,
1057 3729 1059 3733 ’
1143 3768 1146 3773 -
1163 3733 1167 3739 “
1207 3718 1213 3735 ’
