3267 4409
373 480 409 529 rt
749 471 957 523 Palumbum.

372 628 428 682 iano
445 630 538 679 mutum
555 626 639 676 contra
649 619 811 675 Domitianum
829 632 940 691 pugnans
954 615 1036 673 locum
1047 616 1112 672 exilii
1122 614 1217 675 deliniri
1225 634 1299 691 posse
1309 620 1348 677 ds·

373 709 491 781 sperarit;
503 707 572 760 mitto
582 706 654 759 etiam
664 704 821 771 valcherum,
834 704 874 775 qui
885 702 999 758 inlihello
1010 701 1125 772 inscripto
1135 702 1243 770 Juvenal,
1256 704 1296 761 ein
1305 705 1349 761 le·

374 796 444 850 bens·
460 793 509 846 und
521 788 700 845 Charakterbild
712 803 754 842 aus
771 788 813 844 der
830 785 1121 851 romischenKaiserzeit‚
1138 786 1263 845 Elberield
1275 792 1348 860 lusu

373 883 400 946 8,
410 892 435 949 p.
448 880 498 933 102
508 890 561 945 sqq.
572 873 674 929 eundem
685 872 811 927 Traianum
823 887 879 926 cum
891 870 1001 943 Aegypto
1012 871 1116 925 retinens
1125 871 1283 929 nihilominus
1294 888 1349 945 poe-

375 970 424 1017 tam
433 959 515 1014 nesdo
529 958 623 1030 quando
634 958 658 1011 in
669 956 753 1010 urbem
765 971 887 1010 reversum
897 956 1011 1027 reliquam
1021 955 1095 1010 vitam
1104 956 1129 1010 in
1142 956 1275 1012 Tiburtinis
1284 972 1350 1028 prae·

373 1048 419 1101 diis
435 1044 532 1114 degisse
546 1042 643 1104 statuit,
662 1055 748 1109 nempe
758 1041 828 1095 venia
843 1039 872 1094 ab
884 1040 1027 1109 imperatore
1038 1046 1136 1109 accepta
1151 1041 1352 1113 reconciliataque

373 1128 466 1203 gratia,
485 1126 553 1181 cadus
563 1127 597 1180 rei
607 1141 638 1180 ne
648 1125 778 1197 vestigium
788 1124 885 1195 quidem
903 1124 964 1193 apud
975 1130 1067 1178 veteres
1078 1129 1189 1179 auctores
1199 1132 1295 1187 cristan
1311 1124 1351 1180 sed

373 1230 404 1270 ne
415 1210 586 1281 Hertzbergius
606 1210 716 1281 quidem,
736 1209 777 1280 qui
794 1205 1006 1263 inSchncidewini
1016 1206 1144 1279 Philologo
1160 1207 1189 1262 T.
1202 1208 1238 1274 ll,
1256 1225 1283 1279 p.
1301 1211 1352 1267 679

374 1298 488 1368 reliquam
499 1300 606 1349 nostram
617 1294 801 1363 disputationem
812 1308 911 1347 assensu
922 1307 966 1346 suo
977 1291 1093 1363 probavit,
1103 1294 1242 1363 Aegyptum
1249 1294 1353 1349 abiicere

374 1397 446 1437 ausus
459 1385 508 1441 est,
520 1393 566 1433 uec
576 1377 742 1449 Bernhardyus
754 1376 881 1432 Grundriss
898 1376 940 1431 der
949 1383 1010 1431 rbm.
1023 1375 1070 1430 Lit.
1084 1389 1108 1446 p.
1120 1378 1172 1434 ⁵04
1182 1392 1197 1431 a
1206 1383 1293 1432 vetere
1302 1376 1352 1447 opi·

373 1466 446 1520 nione
455 1462 572 1528 dbcsssit,
583 1462 608 1516 in
622 1477 669 1534 quo
680 1461 739 1517 illud
749 1461 854 1517 maxime
865 1460 945 1524 miror,
957 1460 1022 1532 quod
1033 1459 1073 1531 qui
1088 1466 1196 1515 nostram
1207 1461 1353 1517 salemum

373 1547 493 1604 historicis
504 1545 663 1601 fundamentis
674 1561 755 1601 carere
766 1551 853 1617 negat,
871 1544 937 1600 nullo
948 1551 1047 1599 anctore
1060 1543 1205 1599 Hadrianum
1216 1544 1353 1601 aturensis

374 1618 494 1689 offensum
504 1644 557 1687 esse
567 1644 662 1684 narrare
672 1646 721 1684 non
738 1629 839 1684 dubitat.
862 1628 893 1683 Et
906 1628 1077 1700 Hertzhergius
1089 1628 1186 1699 pridem
1197 1626 1353 1685 Caledoniam

375 1717 460 1772 eodem
475 1720 618 1785 argumento
628 1712 769 1785 impugnat,
789 1729 837 1784 quo
854 1713 902 1768 iam
911 1711 1046 1767 antzerus
1063 1712 1172 1767 iulahuii
1183 1712 1275 1769 hrcbiv
1286 1716 1353 1771 184⁰

375 1801 403 1855 T.
415 1799 453 1867 Vl,
465 1813 491 1869 p.
504 1798 556 1854 374
566 1813 618 1869 sqq.
632 1797 749 1869 confugit
761 1796 801 1851 ubi
814 1812 889 1868 quum
900 1796 997 1852 omnino
1008 1796 1126 1852 luvenalis
1135 1796 1236 1853 exilium
1247 1812 1262 1853 a
1273 1810 1352 1871 gram·

374 1884 468 1939 maticis
479 1895 509 1936 ex
526 1880 586 1936 locis
604 1887 690 1951 poetae
705 1881 768 1934 male
784 1880 913 1935 intellectis
921 1880 1005 1935 lictum
1015 1895 1068 1935 esse
1078 1880 1222 1946 orandae,
1242 1880 1352 1939 Scoticac

374 1982 469 2040 quoque
480 1966 578 2020 militiae
589 1967 677 2021 samam
687 1979 718 2019 ea
727 1963 777 2019 Sat.
789 1964 824 2019 ss.
838 1968 888 2022 159
898 1964 991 2021 -161
1004 1964 1123 2037 originem
1138 1964 1238 2021 dimisse
1246 1966 1351 2037 smpica·

374 2059 425 2113 tur:
444 2050 500 2105 huic
512 2057 592 2105 tamen
608 2049 672 2122 quod
686 2049 716 2103 de
727 2049 838 2121 Aegypto
854 2048 956 2102 libenter
972 2048 1092 2113 concedo,
1108 2062 1182 2121 mam
1197 2049 1242 2121 qui
1257 2056 1351 2121 poetam

321 2173 324 2178 -
374 2135 460 2191 adiisse
471 2135 494 2189 in
505 2135 577 2188 satira
586 2133 631 2188 sub
646 2134 724 2204 ipsum
734 2133 796 2187 ritae
805 2132 878 2187 finem
894 2132 984 2203 scripta
997 2131 1109 2205 legisset.
1124 2131 1214 2188 ibidem
1227 2148 1287 2189 eum
1297 2148 1351 2191 em·

374 2219 436 2274 lasse
450 2217 520 2274 facile
531 2218 637 2290 eohegh.
649 2217 674 2273 id
684 2218 708 2273 in
719 2217 845 2272 lubemam
854 2221 879 2269 et
890 2213 994 2272 Orcadas
1005 2215 1090 2271 cadere
1100 2230 1199 2287 prorsus
1208 2232 1287 2289 nego,
1297 2230 1351 2289 qnae

375 2317 452 2374 neque
463 2300 559 2355 easdem
578 2316 633 2357 cum
645 2299 728 2358 scotia
747 2300 919 2372 grammaticus
935 2298 1024 2354 habere
1039 2304 1134 2369 poterat
1148 2314 1230 2372 nequo
1239 2302 1274 2357 ita
1285 2304 1351 2373 poeta

375 2391 500 2449 memorat,
512 2392 626 2440 utcoram
636 2383 681 2439 sibi
691 2391 761 2439 notas
771 2384 906 2456 significem
917 2383 967 2438 sive
976 2382 1087 2438 minares
1092 2382 1268 2441 Britannum
1277 2390 1351 2441 aem

376 2471 455 2540 ipsum
465 2468 552 2522 ddisse
567 2467 622 2522 inde
633 2468 749 2538 colligere
766 2468 837 2532 lieet,
852 2468 937 2522 eodem
952 2473 1019 2522 certe
1033 2466 1097 2534 iure,
1113 2482 1161 2539 quo
1180 2467 1351 2541 bennagio

376 2551 547 2623 Aegyptiacam
558 2556 643 2621 poetae
653 2550 870 2620 peregrinationem
882 2551 911 2606 ad
922 2551 986 2606 erilii
998 2551 1049 2605 eius
1059 2550 1265 2623 significationem
1275 2552 1351 2609 duor-

376 2636 420 2700 sit,
438 2635 483 2689 iter
493 2633 691 2687 Britannicumin
704 2632 814 2688 Scolicae
826 2634 924 2690 militiae
936 2635 1101 2690 testimonium
1111 2634 1289 2695 adhibebimus.
1312 2634 1352 2691 lit

375 2719 491 2774 storieum
502 2723 581 2771 antem
598 2716 669 2772 huius
685 2717 865 2772 fundamentum
882 2719 922 2790 qui
933 2718 1065 2783 desideth
1083 2718 1188 2775 solidum
1203 2726 1351 2792 acparahrm

376 2801 515 2857 invenietin
530 2801 600 2855 titulo
611 2802 696 2873 Aquini
712 2802 736 2856 in
754 2802 804 2872 ipsa
821 2801 938 2857 luvenalis
952 2802 1028 2874 patria
1042 2809 1152 2873 reperto,
1169 2804 1195 2858 iu
1211 2818 1287 2875 mem
1306 2804 1351 2860 iam

376 2886 508 2957 Pinzgenrs
519 2885 543 2939 in
554 2883 655 2955 Ephem.
668 2886 729 2942 liter.
750 2886 844 2942 lenens.
859 2886 967 2946 182311.
982 2889 1017 2944 13
1029 2885 1177 2943 eruditorum
1188 2886 1285 2943 animos
1294 2902 1351 2947 cuo·

375 2970 453 3033 vertit,
465 2969 549 3024 eodem
561 2974 641 3024 tamen
652 2956 723 3025 nem'o
737 2987 795 3026 usus
806 2978 844 3026 ast
855 2976 949 3042 praeter
958 2970 1114 3026 bonerum-iu
1124 2970 1207 3027 libello
1217 2972 1261 3043 qui
1270 2970 1351 3029 neeri

374 3054 440 3109 bitur
455 3053 572 3108 Kritisehe
583 3053 769 3126 Bemerhungcn
785 3054 845 3110 dher
865 3055 945 3126 einige
962 3054 1123 3109 Nachricbteu
1138 3070 1183 3111 aus
1199 3054 1258 3111 dan
1273 3054 1351 3111 Lebm

372 3138 497 3202 invenus,
514 3136 677 3210 hegenshurg
694 3142 770 3196 1833.
786 3141 817 3202 8,
835 3153 860 3208 p.
874 3141 922 3202 a&
941 3138 1010 3211 isque
1020 3154 1095 3210 quum
1105 3138 1135 3193 -in
1146 3138 1259 3195 mirersa
1269 3146 1352 3211 poetas

373 3223 422 3276 rita
440 3222 594 3277 describenda
610 3229 662 3277 tom
678 3223 703 3276 in
719 3222 766 3277 hoc
778 3222 857 3293 lapide
874 3222 906 3277 ita
923 3238 936 3276 a
954 3238 1012 3278 vero
1024 3222 1154 3289 aberravit,
1171 3228 1286 3295 utquam
1296 3220 1352 3279 Diri

377 3304 519 3376 Vespasiani
534 3305 656 3361 flaminem
669 3306 784 3376 perscribi
799 3307 917 3379 legimus,
939 3320 995 3362 eum
1005 3307 1050 3362 sub
1060 3306 1206 3377 Vespasiano
1221 3304 1351 3363 bis'ssauu'·

373 3404 429 3444 uem
441 3390 513 3444 tuine
522 3396 629 3444 nanaret
639 3405 715 3462 eoque
728 3391 792 3446 lacto
803 3390 954 3458 Iuvenalem,
971 3405 1043 3463 quem
1059 3405 1081 3446 a.
1096 3392 1132 3448 84
1142 3406 1167 3463 p.
1177 3378 1239 3447 Chr:
1249 3390 1296 3447 sub
1305 3390 1351 3447 llo·

375 3472 472 3527 mil-iano
484 3474 610 3529 stationem
622 3474 645 3528 in
654 3477 763 3546 Aegypto
775 3474 887 3530 hahuisse
899 3490 929 3529 ex
939 3473 1069 3545 provaSat.
1077 3473 1241 3531 thiemone
1251 3474 1351 3531 somnis·

374 3555 420 3616 vit,
433 3556 486 3626 quia
503 3558 549 3611 iarn
560 3558 614 3613 viro
633 3558 704 3613 huius
719 3564 787 3628 patre
803 3559 897 3614 cohorti
912 3558 1076 3614 Delmatarum
1089 3558 1248 3629 praefuisset,
1264 3558 1303 3615 rel
1316 3558 1351 3613 h·-

374 3638 458 3692 utilitia
466 3639 684 3696 hmelumstatucre
691 3652 827 3714 cogeretur.
847 3640 896 3697 Sed
907 3640 1351 3717 hashalluoinationesrerhoatog'm

374 3721 492 3777 sufficiat:
510 3723 584 3794 ipsius
593 3725 667 3791 tituli,
680 3741 752 3799 quem
761 3734 817 3798 post
831 3724 961 3784 Orlandum
971 3726 1079 3799 aliosque
1088 3726 1350 3801 mihinam
