3267 4409
702 545 828 595 esurus
848 546 882 594 v.
1241 534 1281 598 23

299 689 420 760 Ostrea,
445 686 571 747 callebat
592 688 685 765 primo
707 683 891 763 deprendere
912 701 1026 754 mensur

297 771 336 833 lu
359 768 450 829 semel
474 772 586 849 aspecti
609 770 676 830 litus
698 767 813 829 dicebat
835 767 938 831 echini.

298 856 447 932 Surgitur,
472 863 501 913 et
521 856 610 915 misso
631 868 773 932 proceres
793 855 875 912 exire
898 851 1033 912 iubentur

300 937 451 1013 Consilio,
474 955 548 1017 quos
569 936 709 999 Albanam
732 936 790 997 dux
811 953 932 1013 magnus
953 937 983 997 iu
1003 954 1101 998 arcem
1230 948 1281 1005 lto

299 1022 441 1083 Traxerat
463 1023 597 1081 attonitos
625 1030 654 1081 et
675 1022 813 1083 festinare
837 1029 968 1094 coactos,

298 1106 454 1183 Tamquam
478 1105 514 1166 de
536 1104 645 1167 Chattis
663 1105 770 1183 aliquid
792 1106 941 1184 torvisque
954 1102 1118 1179 Sycambris

297 1189 435 1251 Dicturus
460 1198 602 1269 tamquam
623 1198 653 1249 et
674 1189 797 1249 diversis
817 1188 948 1266 partibus
967 1188 1047 1248 orbis

298 1273 393 1333 Anxia
414 1274 567 1352 praecipiti
588 1275 718 1334 venisset
741 1271 867 1350 epistola
888 1273 984 1350 pinna.

341 1357 438 1435 Atque
461 1359 566 1416 utinam
588 1356 632 1417 bis
656 1357 753 1436 potius
776 1357 860 1433 nugis
882 1365 942 1415 tota
964 1355 1015 1417 illa
1036 1354 1165 1417 dedisset
1232 1367 1284 1422 150

299 1440 443 1519 Tempora
465 1442 620 1517 saevitiae,
643 1440 736 1501 claras
761 1440 864 1520 quibus
885 1439 1002 1500 abstulit
1026 1439 1091 1501 urbi

298 1523 490 1602 Illustresqua
511 1525 618 1585 animas
640 1526 755 1603 impuno
778 1533 807 1584 et
827 1524 942 1584 vindice
964 1522 1060 1585 nullo!

298 1609 359 1668 Sed
381 1609 483 1687 periit,
505 1617 659 1686 postquam
681 1607 856 1671 cerdonibus
880 1624 949 1668 esse
969 1606 1111 1689 timendus

299 1689 464 1771 Coeperat:
486 1690 543 1752 boo
564 1693 662 1755 nocuit
684 1690 844 1754 Lamiarum
866 1692 958 1755 caede
981 1692 1115 1753 madenti.

631 2045 863 2112 SATIRA
897 2045 938 2109 V.

298 2143 336 2239 Si
361 2185 389 2236 te
410 2177 552 2256 propositi
574 2178 699 2238 nondum
720 2178 809 2256 pudet
832 2185 919 2255 atque
941 2175 1043 2236 eadem
1065 2182 1111 2235 est
1132 2190 1223 2250 mens,

298 2264 336 2325 Ut
357 2260 434 2320 bona
456 2278 562 2321 summa
585 2271 670 2341 putes
692 2262 787 2322 aliena
807 2261 908 2321 vivere
930 2259 1052 2338 quadra;

298 2349 330 2411 Si
353 2353 438 2424 potes
461 2345 511 2405 illa
533 2346 610 2423 pati,
633 2362 708 2424 quae
729 2363 785 2405 nee
806 2344 973 2407 Sarmentus
995 2343 1107 2420 iniquas

298 2429 435 2490 Caesaris
457 2427 492 2488 ad
514 2446 645 2506 mensas,
668 2447 723 2490 nec
743 2428 809 2489 vilis
833 2427 932 2489 Gabba
954 2426 1084 2487 tulisset:

299 2513 437 2589 Quamvis
460 2512 552 2572 iurato
575 2522 698 2573 metuam
721 2512 771 2572 tibi
794 2513 917 2573 credere
939 2512 1016 2571 testi.
1162 2556 1165 2561 -
1266 2520 1283 2572 b

297 2598 409 2658 Venire
431 2594 500 2656 nibil
524 2598 591 2657 novi
613 2595 769 2675 frugalium
794 2594 853 2657 lroo
875 2605 971 2657 tamen
991 2595 1085 2674 ipsum

298 2680 455 2743 Deieoisse
477 2689 560 2757 puta,
585 2681 663 2759 quod
686 2681 761 2742 inani
783 2680 891 2742 suflicit
914 2680 996 2741 alvo:

297 2764 386 2825 Nulla
406 2764 524 2840 crepido
547 2773 650 2843 vacat,
680 2783 821 2844 nusquam
843 2782 916 2846 pons
939 2773 969 2824 et
990 2763 1097 2841 tegetis
1122 2778 1189 2841 pars

298 2847 422 2910 Dimidia
444 2843 582 2907 brevior?
604 2850 712 2909 taotIne
731 2849 833 2910 iniuria
855 2865 978 2915 coenae,

300 2932 371 2993 Tam
393 2931 486 2992 ieiuna
507 2931 599 2991 fames
624 2950 710 3012 quum
731 2933 826 3011 possit
846 2929 997 2992 honestius
1021 2929 1084 2989 illic
1252 2937 1285 2991 10

299 3015 338 3077 Et
362 3024 488 3076 tremere
512 3024 541 3075 et
562 3015 666 3076 sordes
689 3015 774 3076 farris
795 3015 932 3076 mordere
954 3009 1071 3074 caninii

342 3098 436 3159 Primo
459 3098 517 3177 lige
540 3097 625 3175 loco,
649 3098 727 3177 quod
747 3108 777 3160 tu
799 3096 982 3159 discumbere
1002 3096 1108 3157 iussus·

299 3180 467 3243 Mercedem
489 3182 609 3243 solidam
631 3192 762 3243 veterum
785 3183 866 3262 capis
887 3180 1060 3243 oidciomm.

299 3266 423 3327 Fructus
444 3267 585 3327 amicitiae
608 3284 729 3345 magnae
752 3267 849 3336 cibus;
880 3267 1002 3345 imputat,
1020 3260 1166 3323 bouerex

300 3349 339 3411 Et
361 3351 489 3428 quamvis
511 3368 606 3412 rarum
625 3359 720 3412 tamen
741 3352 868 3432 imputat.
912 3348 993 3427 Ergo
1018 3347 1090 3408 duos
1112 3354 1179 3424 post
1252 3357 1285 3409 15

300 3436 332 3495 Si
354 3434 436 3494 libuit
459 3453 573 3496 menses
592 3435 758 3513 neglectum
778 3432 920 3511 adbibere,
940 3432 1085 3509 clientem,

301 3517 400 3578 Tertia
423 3535 460 3577 ne
481 3535 574 3578 vacuo
600 3529 732 3583 cessaret
754 3518 974 3580 culcitalecto:

300 3600 365 3663 Una
386 3602 489 3677 simus,
512 3603 561 3662 ait.
604 3603 746 3664 Votorum
767 3602 890 3663 summa!
914 3598 982 3681 quid
1003 3599 1079 3660 ultra

302 3682 448 3758 Quaeris?
476 3684 563 3745 babet
585 3685 723 3764 Trebius,
747 3695 869 3768 propter
889 3684 966 3765 quod
986 3700 1122 3765 rumpere
1141 3698 1271 3743 somnum

301 3767 417 3831 Debeat
439 3776 468 3829 ct
490 3768 595 3847 ligulas
617 3770 776 3851 dimittere,
799 3769 941 3833 sollicitus
965 3786 1004 3831 na
1240 3774 1286 3829 '20
