3267 4409
691 426 900 478 remaclo.
1233 433 1282 484 XV

303 572 435 642 ..300)‚
451 584 604 642 eamqueper
618 576 748 627 nootmnas
758 573 939 629 comissationes
955 572 992 640 (r.
1002 576 1054 632 sol
1065 577 1175 646 -stat
1185 576 1281 633 clande-

302 658 469 728 stinammque
490 656 636 727 religionum
652 656 796 725 spurcitiem·
817 658 860 724 (1.
871 659 1062 725 alt—3⁵1),
1079 675 1123 730 por
1138 661 1281 718 immodicos

302 748 416 812 sumptus
427 741 471 805 (1.
482 743 534 796 552
544 740 673 807 -365)‚
685 746 768 811 turpes
778 755 873 796 amores
884 741 1024 808 (1366-
1033 745 1108 811 397),
1119 749 1281 816 arrogantiam

304 826 518 893 (1.398-411),
530 823 676 878 iracundiam
684 823 720 890 (v.
727 827 887 894 als-418)
898 825 1058 897 stolidumque
1067 827 1105 882 vel
1116 829 1280 900 gymnasticae

284 911 342 977 ,(1.
354 912 407 967 419
416 936 452 947 -
460 910 526 975 433)
544 907 583 962 vat
595 909 768 978 grammaticae
780 909 920 964 emditiouis
930 911 1116 966 ostentationem
1132 911 1169 978 (1.
1181 915 1277 970 454-

302 996 370 1060 456)
382 993 412 1047 ad
423 992 569 1047 domesticae
579 992 700 1048 foeditatis
710 1008 795 1048 areana
805 995 955 1064 persequitur
971 994 1007 1061 (1.
1019 997 1071 1052 457
1080 998 1206 1064 -413);
1216 996 1280 1053 unde

301 1078 352 1134 iam
362 1083 445 1148 quarta
454 1076 540 1130 satirae
556 1090 611 1145 pars
622 1077 730 1146 prolecta
741 1083 766 1131 et
781 1078 943 1149 quotidianam
953 1085 1057 1137 matrum
1067 1079 1168 1134 familias
1176 1081 1280 1136 crudeli·

300 1167 377 1216 tatem
390 1159 425 1226 (v.
436 1162 605 1230 tlt-507)
616 1166 641 1214 et
651 1161 765 1216 nefandas
780 1160 961 1230 superstitiones
974 1163 1063 1234 aperit,
1075 1164 1162 1235 quibus
1170 1179 1280 1219 summae

301 1245 392 1316 paritor
402 1250 473 1315 atque
483 1242 580 1299 infimae
589 1244 733 1300 conditionis
742 1245 856 1300 mulieres
866 1259 964 1315 operam
980 1247 1037 1303 dent
1049 1247 1084 1314 (1.
1098 1250 1278 1318 abb—591),

299 1329 348 1384 nisi
359 1328 424 1400 quod
432 1327 477 1382 bae
487 1328 573 1383 saltem
584 1327 666 1383 liberis
676 1328 830 1399 procreandis
837 1328 918 1385 officio
928 1344 1001 1385 sexus
1012 1337 1130 1395 constent,
1144 1330 1200 1386 illae
1208 1333 1279 1387 abor·

298 1413 379 1476 tibus,
400 1412 578 1481 suppositione,
590 1413 703 1467 caedibus
718 1413 757 1467 rel
772 1413 866 1484 tragica
881 1414 989 1485 exempla
1006 1421 1119 1484 superent
1130 1415 1166 1482 (1.
1179 1420 1278 1474 591-

298 1496 376 1563 681).
410 1494 560 1566 Quamquam
575 1497 659 1565 paucis
676 1496 714 1551 his
738 1496 807 1551 lineis
824 1496 943 1552 uberrima
960 1498 1149 1570 eloquentissimi
1166 1500 1278 1555 carminis

297 1581 383 1650 imago
399 1594 447 1634 nou
464 1577 607 1641 absolvitur;
623 1580 648 1634 id
664 1580 743 1650 ipsum
754 1589 833 1636 tamen
844 1597 918 1652 quum
929 1596 1006 1653 nuper
1015 1582 1121 1655 eleganti
1137 1582 1277 1653 interpreta-

297 1664 366 1719 tione
375 1662 541 1717 illustrandum
554 1662 600 1717 sibi
611 1665 763 1734 proposuerit
772 1664 926 1720 muliebrium
940 1672 1090 1722 secretomm
1100 1667 1277 1736 experientissi-

296 1763 354 1802 mus
369 1746 464 1818 collega
475 1745 599 1801 Eduardus
615 1746 645 1802 de
656 1746 769 1816 Siebold‚
788 1748 819 1803 ad
831 1747 903 1804 huius
913 1751 1112 1805 commentarium
1128 1750 1277 1822 Brrursuigae

296 1833 369 1890 1854
387 1829 477 1886 editum
488 1830 618 1886 lectoribus
634 1833 739 1888 remissis
750 1833 814 1888 tertii
825 1833 880 1888 libri
895 1833 980 1889 satiras
989 1840 1018 1890 ut
1027 1834 1119 1890 ambitu
1129 1836 1233 1889 minores
1243 1835 1277 1890 ita

295 1914 328 1970 ad
339 1913 583 1970 circumscribendum
600 1912 760 1986 expeditiores
778 1917 934 1972 inveniemus
962 1917 1056 1989 Nempe
1071 1917 1171 1989 septim
1184 1918 1276 1973 dudio·

294 2013 352 2055 rum
370 2003 473 2069 etspem
490 2004 516 2052 ct
532 1999 649 2062 rationem
661 2015 758 2055 omnem
775 2001 800 2055 in
810 2001 863 2055 solo
882 2001 1026 2071 imperatore
1035 2002 1137 2070 positam
1155 2002 1274 2073 agnoscit,

294 2098 370 2155 quem
385 2081 512 2137 Traiaurrm
527 2081 664 2138 habendum
682 2099 736 2138 esse
753 2085 778 2139 iu
794 2083 906 2146 Prooem.
916 2085 972 2139 leot.
983 2083 1049 2140 tiott
1067 2086 1275 2148 lamberticus

293 2165 446 2222 milrirideor.
463 2166 612 2238 argumentis
623 2167 695 2229 erici;
706 2168 777 2223 haim
787 2174 869 2223 autem
879 2167 995 2224 honorem
1003 2168 1108 2239 praefata
1119 2169 1157 2235 (1.
1167 2169 1274 2238 1-11)

293 2250 361 2321 apud
372 2250 477 2322 reliquos
488 2251 599 2322 aequales
608 2251 674 2307 nulla
685 2252 761 2307 literis
769 2253 875 2321 praemia
884 2259 927 2307 aut
935 2253 1051 2322 praesidia
1062 2259 1144 2323 parata
1153 2267 1207 2307 osse
1216 2266 1275 2323 que·

293 2335 357 2389 ritur
365 2334 524 2407 miseramque
541 2334 689 2390 eruditorum
699 2335 860 2391 conditionem
878 2351 922 2407 per
933 2337 1038 2408 quinque
1049 2351 1138 2409 genera
1149 2343 1274 2407 poetamm

293 2417 494 2488 (1.21-97),
511 2417 778 2488 maurorumque
790 2423 911 2490 -1oo)‚
932 2420 1105 2476 causidicomm
1124 2419 1160 2488 (1.
1173 2425 1274 2479 106-

291 2503 375 2576 149),
391 2501 514 2562 rhetorum
526 2506 563 2573 (1.
576 2509 628 2562 150
638 2507 764 2576 -114),
776 2504 989 2576 grammaticorum
1011 2505 1048 2571 (1.
1060 2509 1111 2564 215
1119 2531 1155 2546 -
1163 2507 1229 2574 113)
1241 2505 1274 2559 ita

291 2590 421 2658 describit,
438 2597 466 2645 ut
476 2605 533 2645 cum
544 2590 713 2660 opulentorum
729 2589 841 2646 sordibus
850 2582 922 2646 simul
938 2596 1018 2644 temm
1030 2589 1107 2660 ipsam
1117 2589 1218 2645 istorum
1228 2588 1275 2643 lno-

290 2675 387 2731 minum
396 2675 524 2729 1111111111
535 2674 565 2729 ad
576 2674 636 2729 11111·
647 2675 782 2745 cupidinem
790 2675 948 2744 compositam
959 2673 1118 2746 rideateoquo
1128 2674 1193 2730 lacto
1204 2673 1273 2728 lune

290 2766 357 2814 stam
373 2759 489 2829 pemmiae
499 2758 548 2813 vim
565 2758 590 2812 iu
601 2755 649 2813 hoc
658 2773 753 2830 quoque
763 2772 854 2830 genere
866 2758 964 2829 ancipiti
974 2762 1161 2815 censuranotet
1189 2755 1274 2826 Neque

292 2842 393 2899 odoror
407 2841 617 2897 miuusluculenta
629 2841 819 2913 descriptorem
832 2843 901 2898 ouius
911 2856 986 2913 quum
996 2841 1133 2896 uuiversum
1144 2854 1273 2911 argumen-

290 2935 347 2983 tum
357 2926 383 2982 in
392 2927 478 2983 stolida
488 2925 619 2981 nobilitatis
635 2926 771 2996 arrogantia
783 2932 905 2994 versetur,
917 2925 981 2981 unde
990 2924 1118 2979 Ponticum
1134 2923 1273 2978 eddessen

289 3022 343 3067 tem
352 3010 383 3066 ad
391 3012 486 3066 virtutis
497 3012 573 3065 aritae
582 3009 740 3065 imitationem
752 3006 1272 3077 1111111111,1111111111111-

289 3096 363 3160 dem.
381 3095 428 3150 nisi
443 3101 596 3165 posterorum
612 3094 703 3148 meritis
720 3099 848 3165 aequetur.
867 3092 905 3149 bis
922 3092 981 3162 ipsis
996 3091 1100 3147 olbcmo
1110 3090 1190 3173 magis
1200 3103 1272 3161 quam

289 3178 408 3250 pmdesse
417 3180 522 3235 ostendit
533 3179 571 3246 (1.
584 3184 599 3237 1
609 3205 645 3217 -
656 3180 718 3247 lo);
732 3177 819 3233 deinde
828 3176 903 3233 nobili
912 3175 1072 3241 adolescenti,
1090 3175 1131 3247 qui
1143 3173 1271 3229 maioribus

289 3264 383 3335 diguus
392 3262 444 3319 llari
460 3264 554 3333 cupiat,
572 3278 647 3335 quum
658 3263 703 3318 alia
715 3268 843 3332 praecepta
856 3267 909 3317 tum
919 3259 1056 3331 provinciae
1065 3266 1132 3315 recte
1141 3265 1167 3312 et
1176 3258 1271 3329 integre

289 3347 492 3403 admtu'strandae
508 3349 576 3420 leges
593 3347 634 3402 dat
650 3346 687 3414 (1.
700 3347 778 3402 71-
789 3348 868 3416 141);
878 3345 936 3401 hino
947 3344 1076 3416 adreliqua
1086 3342 1204 3398 nobilium
1214 3341 1271 3397 vitia

287 3440 441 3504 transgressa
457 3421 697 3504 generosissimarum
722 3430 865 3487 familiamm
887 3429 975 3501 probra
989 3427 1134 3499 turpissimis
1150 3426 1269 3492 Laterani,

288 3516 438 3587 Damasippi,
451 3515 553 3572 Gracchi
562 3516 684 3588 ipsiusque
692 3515 795 3571 Neronis
804 3514 921 3587 exemplis
930 3514 1043 3584 proponit
1049 3513 1085 3580 (1.
1095 3511 1269 3578 tta-asom

287 3607 414 3672 postremo
424 3607 452 3656 ut
462 3601 575 3656 virtutem
590 3600 667 3655 solam
678 3607 749 3672 atque
759 3600 855 3655 unicam
864 3598 1013 3654 nobilitatem
1025 3612 1078 3652 esse
1088 3596 1158 3667 plone
1168 3595 1268 3651 demon·

286 3690 364 3753 emet,
382 3691 518 3756 comparata
529 3684 646 3741 nobilium
664 3684 860 3756 ignobiliumque.
870 3682 996 3738 hominum
1007 3678 1268 3737 memorietotlromm

287 3767 477 3841 benemiequot
486 3769 583 3825 illorum
591 3767 684 3842 flagitia
695 3776 805 3826 constare
815 3766 1284 3837 11111(1.131-1151,111111111
