3267 4409
531 463 875 526 EPIGRAMMATON
890 466 965 533 LIB.
984 469 1035 531 IV.
1264 469 1303 532 91
1367 496 1372 519 τ

344 616 418 680 ised
433 624 468 678 tu
482 635 596 675 nornen
611 618 707 677 habes
723 636 830 676 averso
844 618 933 677 fonte
948 636 1088 679 sororum

380 701 586 782 Impositum,
607 708 707 760 mater
722 699 805 780 quod
818 703 876 761 tibi
892 701 969 760 dura
985 700 1087 779 dedIt3

318 781 321 787 ’
359 785 441 863 Quod
451 798 514 845 nec
528 782 743 865 Melpomene,
765 784 848 864 quod
862 805 921 845 nec
936 783 1139 866 Polyhymnia
1151 790 1264 870 possit,

392 871 458 930 Neo
472 871 524 949 pia
540 890 607 929 cum
622 870 750 944 Phoebo
764 868 870 929 dicere
886 868 1036 949 Calliope.

357 954 433 1035 lingo
448 951 574 1032 aliquod
590 959 709 1031 gratum
724 954 823 1013 Musis
835 955 893 1012 tibi
906 973 1018 1013 nomen
1033 954 1159 1035 adopta:

329 1045 353 1097 1⁰
393 1039 461 1099 Non
476 1055 600 1117 semper
612 1035 697 1097 belle
714 1035 829 1098 dicitur
844 1037 1092 1123 „Hippodame.“

728 1170 851 1233 XXXII.
877 1192 883 1204 ·

356 1280 397 1344 nt
403 1282 484 1345 latet
500 1291 533 1344 et
546 1283 632 1344 lucet
644 1284 875 1344 Phaethontide
892 1282 1015 1344 condita
1030 1290 1131 1363 gutta,

367 1371 370 1375 ’
392 1369 436 1428 Ut
449 1368 593 1429 videatur
606 1370 671 1447 apis
685 1375 811 1428 nectare
828 1366 912 1427 clusa
927 1387 992 1428 suo.

355 1451 482 1530 Dignum
499 1457 653 1513 tantorum
667 1453 803 1533 pretium
818 1452 891 1511 tulit
904 1449 958 1510 illa
971 1449 1127 1512 laborum:

393 1535 555 1605 Credibile
570 1542 619 1596 est
633 1537 730 1616 ipsam
746 1537 790 1595 sio
805 1535 940 1596 voluisse
955 1536 1043 1596 mori.
1168 1551 1172 1557 ·

717 1668 854 1731 XXXIII.

353 1778 449 1840 Plena
462 1773 611 1841 laboratis
627 1781 741 1841 habeas
756 1800 824 1840 cnm
839 1783 952 1841 scrInia
963 1780 1067 1861 libris,

392 1865 518 1923 Emittis
534 1884 647 1942 quare,
670 1866 846 1943 Sosibiane,
868 1864 970 1925 nihiI‘l

352 1945 481 2028 „Edent
492 1947 650 2008 heredes“
664 1946 767 2028 inquis
783 1967 871 2025 „mea
891 1949 1058 2012 carmina.“
1084 1946 1234 2027 Quando?

393 2032 532 2113 Tempus
547 2038 616 2093 erat
628 2035 688 2094 iam
703 2041 752 2112 te,
775 2033 953 2112 Sosibiane,
974 2033 1047 2112 legi.

713 2166 852 2230 XXXIV.

351 2277 485 2340 Sordida
500 2300 568 2340 cum
584 2283 642 2342 tibi
658 2283 715 2360 sit,
735 2301 842 2342 rernm
856 2290 976 2361 tamen,
996 2280 1120 2361 Attalo,
1144 2279 1235 2363 dialt,

394 2363 541 2445 Quisquis
555 2373 587 2426 te
600 2368 720 2428 niveam
735 2366 811 2427 dixit
825 2367 942 2427 habere
960 2373 1070 2447 togam.

676 2519 679 2525 ·
724 2498 849 2564 XXXV.

348 2613 520 2674 Frontibus
538 2612 674 2673 adversis
689 2612 799 2673 molles
814 2633 1002 2675 concurrere
1015 2612 1148 2675 dammas

393 2696 535 2759 Vidimus
543 2704 585 2773 „et
598 2699 655 2756 fati
669 2705 754 2757 sorte
765 2700 871 2757 iacere
888 2700 965 2778 pari.

350 2780 542 2861 Spectavere
557 2800 648 2842 canes
661 2781 807 2861 praedam
823 2784 1002 2862 stupuitque
1017 2783 1167 2864 superbus

394 2865 552 2943 Venator,
574 2862 674 2925 cultro
689 2865 735 2925 nil
750 2885 915 2946 superesse
929 2887 993 2931 suo.

318 2954 336 3005 5
348 2946 442 3010 Unde
456 2948 542 3009 leves
559 2950 676 3009 animae
690 2957 776 3010 tanto
790 2948 915 3011 caluere
930 2951 1058 3011 furore?

393 3033 446 3093 Sic
460 3040 597 3113 pugnant
611 3035 707 3113 tauri,
726 3036 770 3094 sic
785 3035 929 3094 cecidere
943 3037 1010 3095 viri.
1078 3102 1081 3111 Ι
1112 3043 1121 3056 “

718 3182 858 3245 XXXVI.

350 3293 438 3354 Cana
452 3300 501 3354 est
514 3296 609 3355 barba
623 3297 697 3375 tibi,
715 3298 804 3372 nigra
819 3303 867 3356 est
883 3316 982 3356 coma:
1004 3296 1126 3373 tingere
1142 3294 1266 3353 barbam

392 3377 463 3437 Non
476 3385 583 3459 potes,
605 3380 683 3440 haec
698 3400 788 3440 causa
803 3387 865 3440 est:
889 3379 945 3440 sed
959 3368 1066 3459 poles,
1088 3378 1163 3457 01e,
1181 3383 1304 3440 oomam'.

711 3512 863 3576 XXXVII.

350 3625 508 3702 „Centum
521 3625 659 3686 Coranus
674 3632 707 3685 et
724 3627 855 3687 ducenta
870 3628 1047 3706 Mancinus,
1087 3637 1094 3649 ’

350 3707 511 3769 Trecenta
528 3707 622 3769 debet
638 3711 755 3791 Titius,
777 3713 836 3770 hoc
853 3712 900 3774 bis
916 3709 1061 3793 Albinus,
