3267 4409
241 265 1364 349 F

651 524 695 588 M.
710 524 802 588 vnn.
819 522 1045 627 Marinus
1171 570 1176 579 .

799 724 894 789 XLV.

323 916 325 923 Ι
410 839 551 902 Haedina
564 841 623 902 tibi
640 839 724 923 pelle
740 842 919 919 contegenti

409 924 517 986 Nudae
531 932 671 1006 tempora
685 927 896 1003 vertIccmque
910 923 1030 1004 calvae,

409 1008 537 1070 Festive
551 1011 626 1089 tibi,
647 1010 791 1087 Phoebe,
814 1008 891 1068 dixit
904 1006 978 1088 ille,

410 1092 470 1169 Qui
486 1092 563 1155 dixit
577 1100 668 1175 caput
682 1110 754 1154 esse
769 1091 938 1155 calciatum.

797 1226 904 1290 aava
919 1230 962 1305 ,ᾗ
998 1289 1015 1312 Ι

411 1339 560 1402 Vendunt
574 1340 708 1400 carmina
723 1337 829 1401 Gallus
847 1344 879 1398 et
894 1316 1062 1417 Lupercus.

410 1423 523 1503 Sanos,
545 1423 697 1504 classice,
716 1442 797 1485 nunc
811 1441 890 1502 nega
903 1429 1021 1504 poetas.

783 1556 903 1620 XLVII.
933 1567 942 1587 ·’

412 1669 557 1732 Difficilis
571 1669 687 1751 facilis,
706 1672 857 1734 iucundus
874 1672 1002 1731 acerbus
1017 1688 1052 1730 es
1065 1668 1165 1730 idem:

451 1754 517 1817 Neo
531 1761 635 1816 tecum
650 1775 774 1837 possum
788 1757 909 1834 vivere,
929 1773 988 1815 nec
1002 1755 1069 1814 sine
1083 1759 1126 1817 te.

776 1897 909 1961 XLVIII.

411 2010 537 2072 Boletos
555 2016 588 2073 et
604 2029 709 2090 aprum
724 2011 751 2070 si
765 2016 909 2090 tanquam
921 2007 994 2071 vilia
1008 2011 1114 2091 ponis,

451 2096 494 2157 Et
506 2115 567 2156 non
582 2113 651 2154 ease
665 2101 754 2174 putas
768 2096 846 2155 haec
861 2113 929 2155 mea
941 2100 1027 2173 vota,
1048 2092 1129 2158 volo.

411 2179 445 2241 Si
459 2181 649 2240 fortunatum
664 2179 735 2239 fieri
748 2197 798 2238 me
816 2178 918 2239 credis
932 2185 965 2238 et
979 2179 1073 2238 heres

453 2264 509 2326 Vis
524 2264 619 2324 scribi
634 2268 766 2343 propter
781 2264 917 2341 quinque
932 2263 1081 2340 Lucrina,
1101 2259 1180 2324 vale.

388 2347 506 2408 5Lauta
522 2354 624 2407 tamen
640 2365 716 2406 cena
731 2352 795 2407 est:
816 2347 935 2424 fateor,
955 2346 1140 2425 lautissima,
1161 2344 1300 2409 sederas

452 2429 503 2490 Nil
518 2432 594 2508 erit,
614 2431 706 2489 immo
721 2429 832 2509 hodie,
852 2431 993 2510 protinus
1008 2431 1099 2491 immo
1113 2431 1208 2512 nihil,

411 2511 500 2591 Quod
517 2514 594 2573 sciat
607 2511 717 2573 infelix
731 2512 890 2574 damnatae
904 2514 1032 2594 spongia
1044 2515 1165 2595 virgae,

452 2596 513 2660 Vel
530 2597 704 2675 quicunque
719 2597 803 2656 canis
816 2598 981 2675 iunctaque
995 2604 1077 2658 testa
1090 2601 1166 2660 viae.

410 2679 583 2741 Mullorum
595 2677 799 2758 leporumque
813 2686 846 2740 et
861 2683 987 2741 suminis
1002 2683 1101 2742 exitus
1115 2682 1166 2743 hic
1180 2688 1247 2763 est,

369 2775 404 2827 10
456 2762 710 2843 Sulphureusque
720 2761 813 2824 'color
828 2762 1049 2845 carnificesque
1063 2766 1170 2848 pedes.
1189 2788 1192 2793 ·

303 2870 305 2876 ’
410 2846 479 2909 Non
493 2847 613 2908 Albana
626 2848 701 2907 mihi
716 2847 757 2908 sit
770 2849 946 2909 comissatio
960 2851 1055 2929 tanti,

454 2932 520 2991 Nec
534 2930 727 3010 Capitolinae
742 2933 982 3012 pontificumque
997 2932 1101 3014 dapes.

411 3014 545 3095 Imputet
557 3016 625 3095 ipse
641 3014 716 3075 deus
731 3021 837 3076 nectar
853 3017 945 3094 mihi,
967 3018 1023 3079 fiet
1037 3024 1172 3098 acetum,
1213 3028 1219 3035 “
1299 3033 1303 3039 ’

452 3100 495 3160 lot
508 3099 649 3162 Vaticani
662 3099 781 3179 perfida
794 3107 891 3181 vappd
905 3101 982 3163 cadi.

351 3262 353 3266 ι
370 3183 559 3246 15Οοιινίιιι
574 3184 649 3244 allos
666 3202 809 3244 cenorum
825 3203 939 3263 quaere
954 3186 1117 3264 magister,

250 3294 253 3301 ·
453 3268 537 3343 Quos
553 3267 673 3346 capiant
687 3286 811 3327 meusac
825 3287 920 3346 regna
936 3271 1068 3348 superba
1082 3270 1163 3333 tuae.

241 3314 249 3397 l
410 3351 465 3412 Me
477 3369 563 3411 meus
578 3349 617 3422 ad
630 3352 745 3411 subitas
758 3353 870 3411 Inritet
886 3353 998 3412 amicus
1013 3351 1138 3413 ofellus:

404 3496 406 3501 ,
453 3435 539 3495 Haec
552 3434 643 3513 mihi,
663 3453 755 3514 quarn¹
766 3453 890 3515 possum
903 3434 1056 3516 reddere,
1077 3455 1153 3500 cena
1165 3435 1280 3521 placet.

780 3562 887 3625 XLIX.

411 3678 549 3738 GrInitae
564 3677 642 3736 Line
656 3674 833 3755 paedagoge
847 3678 974 3754 turbae,

410 3760 527 3822 Rerum
542 3779 633 3840 quem
648 3759 801 3821 dominum
816 3766 904 3821 vocat
919 3779 1040 3820 auarum
