3267 4409
542 443 970 510 nmomuuunounm
986 447 1037 508 vu
1214 436 1309 511 '145

399 597 465 656 Hos
480 596 605 655 Hilarus
621 593 717 654 colles
732 601 765 654 et
779 596 850 676 iuga
865 597 948 658 laeta
963 604 1059 659 tenet.

334 682 490 761 5Aspice,
513 699 600 757 quam
615 687 701 738 certo
718 678 824 739 videar
838 701 899 741 non
912 681 1033 760 ligneus
1048 701 1102 742 ore

398 766 463 825 Nec
479 763 589 823 devota
603 764 681 822 locis
696 764 830 841 inguinis
846 785 928 824 arma
943 784 1063 844 geram,

359 847 421 909 Sed
436 849 511 923 mihi
525 855 676 927 perpetua
690 867 843 925 nunquam
857 851 1005 909 moritura
1020 869 1165 931 cupresso

398 932 546 992 Phidiaca
560 935 659 1010 rigeat
673 931 808 990 mentula
825 930 916 1010 digna
929 952 1028 996 manu.

358 1018 478 1091 Vicini,
499 1035 625 1092 moneo,
648 1021 784 1074 sanctum
800 1015 959 1076 celebrate
974 1018 1119 1099 Priapum

317 1112 352 1163 10
396 1101 439 1162 Et
451 1101 499 1160 bis
515 1101 652 1180 septenis
667 1101 786 1179 parcite
799 1102 966 1179 iugeribus.

428 1319 430 1323 ,
709 1314 712 1319 ι
727 1233 863 1296 LXXIV.

359 1333 466 1394 Medio
485 1333 637 1392 recumbit
654 1333 732 1392 imus
747 1332 802 1393 ille
819 1334 871 1413 qul
885 1333 988 1411 lecto,
1006 1406 1014 1425 ἱ

361 1417 485 1478 Calvam
495 1416 623 1477 trifilem
638 1419 815 1476 semitactus
831 1426 1007 1496 unguento,

358 1502 512 1578 Foditque
526 1503 624 1560 tonsis
641 1521 695 1559 ora
707 1501 775 1560 laxa
787 1499 946 1580 lentiscis,

358 1586 528 1664 Mentitur,
550 1584 740 1645 Aesculane:
762 1604 825 1644 non
841 1587 936 1646 habet
951 1585 1071 1647 dentes.

734 1719 857 1782 LXXV.

359 1821 435 1881 Cum
450 1823 546 1882 mittis
560 1821 721 1882 turdumve
736 1823 812 1882 milri
828 1821 1012 1900 quadramve
1028 1819 1208 1900 placentae,

399 1906 470 1965 Sive
484 1907 585 1966 femur
598 1906 733 1986 leporis,
753 1907 818 1965 sive
832 1904 906 1984 quid
920 1906 969 1965 his
984 1903 1084 1964 simile
1097 1913 1160 1982 est,

357 1988 517 2050 Buccellas
531 1993 651 2050 misisse
666 1998 733 2049 tuas
747 1998 796 2061 te,
819 1990 947 2066 Pontia,
968 1989 1055 2052 dicio.

398 2075 462 2134 Has
477 2094 534 2152 ego
549 2094 612 2134 non
625 2076 759 2151 mittam,
780 2073 908 2150 Pontia,
930 2072 987 2133 sed
1001 2091 1060 2133 nec
1074 2069 1172 2159 edam.

321 2349 324 2353 -
356 2305 413 2367 llle
428 2309 507 2368 sacri
520 2306 629 2369 lateris
645 2313 747 2367 custos
762 2307 936 2385 Martisque
952 2306 1065 2384 togati,

400 2391 528 2452 Credita
542 2394 591 2451 cui
607 2394 714 2451 summi
730 2397 831 2451 castra
845 2391 937 2451 fuere
952 2388 1055 2466 ducis,

356 2475 416 2535 Hic
430 2478 506 2536 situs
522 2482 570 2536 est
583 2477 709 2537 Fuscus.
739 2476 831 2536 Licet
845 2476 922 2552 hoc,
940 2473 1095 2552 Fortuna,
1116 2474 1227 2554 fateri,

398 2557 467 2619 Non
484 2562 573 2620 timet
588 2559 718 2620 hostiles
733 2561 793 2620 iam
806 2560 885 2640 lapis
900 2560 960 2620 iste
974 2560 1081 2620 minas.

336 2643 486 2705 5Grande
500 2647 601 2722 iugum
619 2643 733 2705 domita
747 2645 847 2705 Dacus
863 2646 983 2704 cervice
999 2644 1121 2724 recepit

398 2728 440 2787 Et
453 2729 598 2788 famulum
614 2730 725 2788 victrix
738 2728 880 2809 possidet
895 2731 1003 2789 umbra
1018 2747 1136 2788 nemus.

717 2841 866 2903 LXXVII.

359 2939 436 2999 Cum
451 2941 494 2999 sis
507 2946 569 3000 tam
583 2961 716 3021 pauper,
739 2943 828 3020 quarn
843 2961 902 3002 nec
917 2940 1102 3002 miserabilia
1117 2941 1199 3020 lros,

401 3023 476 3082 'l'am
491 3026 625 3102 invenis,
648 3046 737 3104 quam
749 3045 808 3085 nec
824 3027 1076 3104 Parthenopaeus
1091 3031 1174 3099 erat;

358 3107 435 3166 Tam
449 3109 557 3186 fortis,
579 3130 669 3188 quam
683 3130 756 3187 nec,
771 3128 840 3168 cnm
852 3110 1010 3185 vinceret,
1031 3107 1262 3185 Artemidorus,

400 3191 481 3267 Quid
497 3201 528 3253 te
544 3195 759 3274 Cappadocum
775 3211 829 3252 sex
844 3211 921 3252 onus
935 3211 1006 3252 esse
1019 3193 1124 3259 iuvat?

336 3275 484 3337 allideris
499 3277 657 3356 multoque
671 3279 766 3356 magis
780 3275 970 3353 traduceris,
989 3276 1084 3354 Afer,

400 3362 495 3436 Quam
510 3362 608 3421 nudus
622 3363 724 3423 medio
740 3364 765 3422 si
784 3363 919 3441 spatiere
934 3361 1013 3422 foro.

356 3444 426 3503 Non
441 3444 533 3505 aliter
547 3454 735 3506 monstratur
749 3446 837 3505 Atlas
853 3467 919 3504 cum
935 3445 1170 3524 compareginno

401 3529 547 3609 Quaeque
561 3532 647 3590 vehit
661 3531 791 3591 similem
804 3530 895 3590 belua
909 3531 997 3609 nigra
1012 3529 1121 3609 Libyn.

357 3613 510 3674 lnvidiosa
524 3618 581 3674 tibi
597 3635 685 3691 quam
700 3618 741 3675 sit
755 3614 886 3691 lectica,
907 3613 1065 3692 requiris?
1092 3674 1095 3678 .

316 3706 350 3756 lo
397 3697 466 3756 Non
482 3698 577 3760 debes
592 3700 671 3759 ferri
687 3706 824 3759 mortuus
838 3698 1026 3778 hexaphoro.

357 3781 464 3841 Mnus.
1072 3780 1117 3844 tt
