3267 4409
337 408 489 530 eoa¹
664 463 1060 529 duramnus
1176 420 1180 427 ’

699 716 705 720 .
807 668 901 730 XVII.

420 780 555 840 Latonae
569 777 746 840 venerande
758 797 873 859 nepos,
893 779 947 858 qui
960 779 1085 839 mitibus
1100 780 1208 840 herbis

461 864 626 923 Parcarum
640 881 747 923 exoras
762 883 859 943 pensa
874 865 1047 942 brevesque
1062 862 1165 941 colos,

420 949 487 1008 Hos
502 948 561 1007 tibi
577 946 716 1006 laudatos
731 947 872 1025 domino,
894 953 962 1007 rata
974 952 1060 1026 vota,
1082 947 1211 1030 capillos

461 1029 518 1091 Ille
532 1030 601 1091 tuus‘
615 1030 703 1090 Latia
718 1032 801 1090 misit
819 1033 855 1090 ab
870 1032 948 1092 urbe
962 1050 1059 1111 puer3

397 1114 550 1178 brlddidit
564 1122 597 1174 et
610 1114 739 1174 nitidum
754 1115 881 1175 sacratis
897 1116 1033 1174 crinibus
1047 1117 1171 1194 orbem,
1247 1128 1250 1141 ·

463 1201 530 1277 Quo
545 1197 622 1258 felir
635 1198 732 1258 facies
744 1198 848 1259 iudice
863 1203 930 1259 tuta
946 1199 1015 1258 fuit.

421 1285 470 1344 Tu
484 1281 624 1343 iuvenale
639 1280 734 1343 decus
752 1302 858 1360 serva,
878 1301 918 1342 ne
932 1280 1094 1362 pulchrior
1108 1281 1163 1344 ille
1284 1338 1288 1349 ,

460 1369 494 1427 ln
507 1365 600 1446 longa
613 1367 711 1428 fuerit
728 1387 817 1447 quam
833 1368 975 1428 breviore
992 1386 1088 1431 coma.

799 1530 926 1597 xvffl„
988 1582 990 1589 s

417 1642 475 1701 Est
488 1642 563 1702 mibi
577 1643 679 1721 sitque
693 1642 811 1722 precor
822 1640 948 1720 longum
963 1648 994 1702 te
1009 1640 1170 1724 praeside,
1192 1643 1327 1721 Caesar,

461 1725 524 1785 Rus
539 1727 712 1804 minimum,
732 1727 905 1807 parvisunt
919 1731 952 1786 et
966 1727 999 1786 in
1013 1729 1091 1787 urbe
1104 1724 1196 1788 lares.

418 1809 482 1868 Sed
497 1810 536 1870 de
550 1808 632 1870 valle
645 1810 748 1890 brevi,
771 1830 846 1889 quas
862 1808 915 1870 det
929 1811 1105 1872 sitientibus
1119 1811 1237 1889 hortis,

463 1895 559 1975 Curta
571 1891 726 1954 laboratas
740 1893 836 1955 antlia
849 1893 934 1954 tollit
949 1914 1056 1974 aquas:
1127 1909 1130 1916 '

398 1977 511 2039 5Sicca'
525 1976 632 2038 domos
724 1981 787 2039 itur
801 1977 889 2038 nullo
905 1997 938 2038 se
952 1997 1026 2038 rore
1040 1979 1158 2059 foveri,

461 2063 538 2122 Cum
552 2063 627 2122 mihi
641 2083 741 2124 arcano
755 2063 875 2124 Marcia
887 2063 974 2123 fonte
988 2068 1088 2126 sonet.

418 2147 512 2223 Quam
528 2146 653 2208 dederis
669 2148 800 2225 nostris,
822 2149 976 2227 Auguste,
997 2149 1161 2227 penatibus
1175 2145 1305 2227 undam,

460 2230 591 2292 Castalis
605 2232 683 2293 baec
696 2233 786 2294 nobis
800 2239 853 2292 aut
865 2232 944 2293 lovis
958 2233 1058 2293 imber
1073 2233 1143 2294 crit.

816 2408 896 2469 XIX.

416 2515 536 2577 Laudas
550 2515 662 2580 balnea
674 2520 814 2580 versibus
828 2522 979 2580 trecentis

417 2603 565 2662 Cenantis
580 2604 660 2663 bene
673 2602 811 2682 Pontici,
834 2602 969 2664 Sabelle.

415 2685 472 2748 Vis
488 2702 615 2765 cenare,
637 2686 778 2767 Sabelle,
800 2707 862 2748 non
875 2685 980 2751 lavari.
1038 2682 1041 2687 ’

816 2850 884 2914 XX.

414 2957 517 3035 Haec,
533 2965 690 3034 quaetota
703 2964 790 3039 patet
803 2961 981 3041 tegiturque
997 2966 1030 3022 et
1043 2981 1195 3023 marmore
1210 2971 1244 3025 et
1258 2985 1352 3043 auro,

457 3041 585 3102 infantis
600 3040 717 3103 domini
732 3045 854 3104 conscia
869 3051 954 3105 terra
968 3047 1036 3106 fuit.

412 3124 503 3186 Felix
519 3145 536 3185 o
553 3129 673 3205 quantis
688 3130 790 3189 sonuit
804 3130 954 3208 vagitibus
970 3136 1003 3189 ct
1018 3149 1093 3209 quas

456 3210 544 3272 Vidit
559 3217 717 3291 reptantes
734 3214 940 3292 sustinuitque
956 3214 1076 3273 manus!

392 3295 476 3355 5Hic
490 3299 622 3354 steterat
636 3294 811 3355 veneranda
826 3295 951 3375 domus,
973 3316 1050 3377 quae
1066 3299 1226 3377 praestitit
1240 3300 1311 3360 orbi

455 3377 545 3454 Quod
560 3376 686 3438 Rhodus
702 3380 864 3455 astrifero,
888 3378 969 3458 quod
983 3382 1034 3461 pia
1047 3382 1142 3442 Creta
1154 3382 1239 3463 polo.

412 3461 544 3521 Curetes
559 3467 667 3522 texere
681 3463 780 3524 lovem
796 3465 1019 3542 crepitantibus
1033 3467 1141 3545 armis,

454 3544 596 3604 Semiviri
609 3552 754 3625 poterant
769 3545 870 3625 qualia
885 3548 970 3608 ferre
983 3548 1140 3630 Phryges:
1160 3569 1170 3579 ·
1232 3590 1238 3597 -

411 3626 454 3687 At
468 3633 500 3687 tc
514 3631 651 3708 proterit
666 3629 810 3709 superium
827 3638 917 3711 pater
932 3639 965 3692 et
977 3634 1053 3711 tibi,
1072 3635 1204 3714 (laesor,

369 3721 404 3776 10
450 3710 512 3771 Pro
529 3713 628 3774 iaculo
643 3721 677 3774 et
691 3734 797 3796 parma
810 3714 930 3778 fulmen
945 3719 1076 3798 etaegis
1092 3725 1168 3781 erat
