3267 4409
371 468 412 531 96
570 497 575 506 ·
683 476 1019 526 umbraticorum

369 619 453 682 Unde
477 615 603 693 habeas,
625 615 739 695 quaerit
759 633 862 691 nemo,
885 615 938 677 sed
960 624 1078 695 oportet
1099 615 1224 678 habere:

369 705 434 767 lloc
455 709 613 763 monstrant
635 700 753 761 vetulae
776 703 875 778 pueris
899 701 1068 779 repentibus
1091 718 1187 778 assae,

368 789 433 849 Hoc
457 788 570 848 discunt
593 803 693 844 omnes
716 793 782 844 ante
806 783 892 862 alplra
916 793 946 844 et
967 784 1034 844 beta
1056 784 1184 863 puellae.
1198 818 1241 831 -

370 871 488 933 Talibus
510 873 661 930 instantem
681 871 796 928 monitis
822 886 1032 947 quemcumque
1047 880 1206 947 ‚parentem
1300 882 1353 937 210

330 982 334 991 ¹
369 959 419 1018 Sic
442 974 559 1035 possem
582 954 679 1031 allariz
705 953 776 1029 Dic,
800 969 817 1011 o
840 951 1012 1028 vanissime,
1038 954 1103 1031 quis
1128 963 1158 1015 te

368 1041 520 1102 Festinarc
543 1035 643 1099 iubeti
666 1036 817 1097 meliorem
843 1046 961 1114 praesto
984 1039 1123 1114 magistro

368 1124 557 1202 lliscipulum.
598 1123 725 1182 Securus
754 1121 814 1188 abi:
839 1122 981 1197 vinceris,
1009 1130 1040 1181 ut
1059 1121 1135 1181 Aiax

368 1209 520 1271 Praeteriit
545 1206 749 1281 Telamonem,
769 1214 802 1270 ut
824 1204 912 1265 Pelea
933 1205 1003 1265 vicit
1024 1204 1182 1266 Achilles..

367 1293 546 1354 Parcendum
568 1300 613 1351 est
635 1290 760 1351 teneris:
787 1289 912 1349 nondum
936 1290 1096 1367 implevere
1117 1291 1258 1352 medullas
1301 1304 1353 1358 215

367 1377 497 1438 Maturae
522 1376 597 1436 mala
622 1375 784 1453 nequitiae3
807 1382 852 1433 ast
876 1392 961 1452 quom
983 1383 1105 1452 pectere
1127 1375 1245 1438 barbam

369 1460 509 1540 Coeperit
531 1469 559 1519 et
583 1460 663 1536 longi
683 1475 852 1518 mucronem
874 1459 1024 1518 admittere
1050 1458 1144 1536 cultri,

367 1544 471 1606 Falsus
496 1546 551 1604 erit
572 1545 674 1618 testis,
699 1542 807 1603 vendet
829 1544 956 1621 periuria
979 1561 1087 1604 summa

367 1629 481 1706 Exigua
504 1637 534 1688 et
556 1625 674 1687 Cereris
698 1635 820 1704 tangens
843 1644 979 1703 aramque
1006 1627 1179 1707 pedemque.

367 1712 481 1774 Elatam
506 1715 561 1772 iarn
588 1711 676 1771 crede
700 1729 819 1787 nurum,
843 1712 868 1769 si
891 1710 986 1770 limina
1010 1722 1106 1773 uestra
1300 1727 1354 1781 220

367 1797 518 1858 Mortifera
543 1815 607 1855 cum
631 1795 700 1855 dote
721 1794 811 1854 subit:
837 1794 940 1873 quibus
966 1793 1017 1855 illa
1041 1806 1189 1875 premetur

300 1887 305 1898 “
367 1883 424 1943 Per
445 1882 574 1941 somnum
595 1878 705 1956 digitis!
728 1897 792 1939 nam
815 1896 890 1958 quae
911 1889 1048 1957 terraque
1070 1883 1199 1961 marique

366 1965 553 2044 Adquirenda
574 1974 674 2044 putas,
695 1963 814 2024 brevior
838 1964 885 2024 via
902 1963 1041 2037 conferet
1066 1965 1117 2025 illi.

367 2050 471 2113 Nullos
498 2051 582 2111 eninr.
596 2048 692 2126 magni
714 2046 838 2108 sceleris
862 2047 955 2108 labor.
989 2047 1069 2110 Haec
1094 2068 1152 2129 ego
1175 2069 1327 2130 numquam

365 2134 516 2211 blandari,
541 2134 622 2195 dices
651 2133 735 2209 olim,
759 2151 815 2192 nec
839 2132 908 2193 talia
934 2134 1028 2202 soasi;
1299 2149 1352 2201 225

366 2218 472 2280 Mentis
496 2235 583 2278 causa
604 2216 697 2277 malae
720 2227 816 2277 tamen
841 2216 886 2277 est
909 2226 937 2276 et
959 2218 1043 2295 origo
1065 2234 1157 2296 pcnes
1179 2228 1218 2281 te.

366 2303 439 2364 llam
461 2303 591 2382 quisquis
615 2303 709 2380 magni
732 2319 837 2362 census
861 2302 1013 2380 praecepit
1036 2319 1174 2382 amorem,

365 2387 404 2449 Et
429 2387 515 2447 laevo
540 2389 648 2447 monitu
671 2396 780 2466 pueros
806 2387 941 2464 producit
964 2403 1081 2461 avaros,
1186 2419 1189 2423 ,

368 2471 418 2552 [Et
440 2475 488 2547 qui
505 2489 559 2549 per
582 2471 699 2542 fraudes
722 2471 892 2548 patrimonia
916 2470 1147 2551 conduplicare,]
1191 2484 1193 2490 '

366 2554 423 2616 Dat
445 2555 610 2615 libertatem
631 2564 660 2614 et
680 2563 756 2615 totas
779 2554 899 2614 effundit
920 2553 1049 2615 habenas
1296 2569 1350 2624 230

367 2636 536 2707 Curriculo;
563 2656 649 2716 quem
674 2641 698 2697 si
721 2655 865 2713 revoces,
894 2638 1055 2699 subsistere
1077 2640 1171 2700 nescit

365 2723 403 2784 Et
424 2732 454 2784 te
484 2730 650 2802 contempto
678 2724 786 2800 rapitur
808 2724 952 2801 metisque
975 2723 1096 2784 relictis.
1209 2776 1214 2785 .

364 2808 458 2869 Nemo
485 2809 555 2868 satis
578 2808 670 2867 credit
692 2816 799 2867 tantum
821 2807 1011 2886 delinquere,
1033 2818 1170 2887 quantum

281 2934 285 2943 -
365 2893 533 2960 Permittas;
560 2892 635 2953 adeo
660 2891 809 2968 indulgent
833 2891 889 2952 sibi
914 2893 998 2952 latius
1020 2893 1087 2972 ipsi.

367 2976 460 3050 Quom
485 2977 682 3037 dicisinvcni
707 2977 843 3053 stultum,
871 2978 919 3055 qui
942 2977 1030 3037 donet
1053 2979 1158 3054 amico,
1300 2989 1351 3043 235

366 3060 423 3134 Qui
446 3070 644 3139 paupertatem
667 3060 746 3121 levet
767 3062 940 3140 attollatque
962 3062 1127 3140 propinqui,

364 3143 402 3205 Et
426 3146 558 3224 spoliare'
577 3146 668 3205 doces
691 3155 721 3205 et
745 3145 987 3205 circumscribere
1014 3155 1044 3205 et
1067 3147 1143 3205 omni

366 3227 491 3290 Crimine
515 3231 628 3290 divitias
652 3227 823 3307 adquirere,
848 3247 967 3308 quarum
991 3245 1072 3288 arnor
1092 3231 1121 3288 in
1142 3237 1172 3287 te

366 3313 495 3387 Quantus
524 3323 587 3374 erat
604 3315 720 3393 patriae
738 3313 897 3373 Deciorum
917 3314 945 3371 in
967 3320 1105 3389 pectore,
1128 3321 1263 3389 quantum

364 3395 475 3458 Dilexit
498 3398 633 3472 Thebas,
656 3399 681 3457 si
704 3396 827 3459 Graecia
847 3413 934 3469 vera,
959 3393 1154 3462 Menoeceus3
1297 3407 1351 3462 240

364 3479 397 3541 ln
427 3500 547 3559 quornm
571 3482 662 3543 sulcis
685 3481 820 3558 legiones
846 3477 977 3539 dentibus
998 3477 1100 3553 anguis

366 3562 438 3625 Cum
461 3567 564 3644 clipeis
586 3574 741 3626 nascuntur
766 3574 794 3624 et
817 3560 934 3623 horrida
955 3559 1033 3620 bella
1059 3572 1217 3640 capessunt

365 3645 526 3724 Continuo,
550 3658 693 3728 tamquam
719 3657 748 3708 et
769 3648 885 3708 tubicen
904 3647 1064 3705 surrexerit
1087 3665 1151 3708 una.

365 3731 445 3812 Ergo
470 3736 585 3813 ignem,
610 3735 690 3794 cuius
715 3730 857 3792 scintillas
884 3728 950 3809 ipse
970 3730 1087 3808 dedisti,
