3267 4409
697 576 733 623 Ι).
755 575 827 624 Iun.
849 573 1036 624 mvnnnnts

684 872 1029 985 suerranum.

363 1012 439 1118 Quis
460 1056 611 1100 numerare
633 1047 722 1118 queat
743 1038 839 1099 felicis
847 1048 855 1093 1
863 1039 1006 1117 praemia,
1031 1036 1118 1115 Galli,
1217 1081 1220 1087 -

358 1121 504 1191 Militiae?
526 1141 590 1183 nam
615 1124 639 1183 si
661 1123 818 1183 subeuntur
839 1139 982 1200 prospera
1005 1131 1111 1197 castra,

361 1212 410 1274 lle
433 1208 566 1289 pavidum
587 1208 715 1285 excipiat
738 1209 863 1267 tironem
887 1214 972 1284 porta
997 1205 1126 1266 secundo

362 1297 476 1359 Sidere.
516 1291 584 1352 Plus
609 1293 715 1351 etenim
737 1291 788 1351 iati
812 1289 893 1350 valet
913 1289 985 1349 bora
1009 1288 1138 1366 benigni,

363 1379 456 1454 Quam
477 1377 502 1437 si
525 1392 578 1434 nos
596 1373 720 1434 Veneris
742 1374 923 1435 commendet
945 1373 1071 1451 epistola
1091 1370 1179 1434 blartl‘
1329 1385 1346 1438 ⁵

361 1462 400 1525 Et
422 1461 517 1523 Samia
543 1461 678 1536 genetrix
701 1476 775 1537 quae
800 1457 963 1518 delectatur
986 1474 1084 1519 arena.

404 1542 562 1607 Commoda
586 1551 743 1603 tractemus
766 1542 888 1621 primum
909 1542 1089 1617 communia,
1117 1557 1239 1621 quoram

361 1631 444 1692 Haud
469 1629 612 1687 minimum
632 1626 704 1689 illud
726 1628 797 1702 erit,
820 1643 857 1685 ne
878 1633 908 1686 te
931 1624 1050 1703 pulsare
1070 1635 1188 1704 togatus

361 1714 493 1788 Audeat,
515 1711 601 1770 immo
625 1719 669 1786 et,
693 1712 718 1769 si
741 1710 888 1789 pulsetur,
911 1709 1071 1771 dissimulet
1092 1727 1148 1770 nec

361 1798 478 1859 Audeat
501 1811 644 1854 excussos
660 1795 794 1872 praetori
818 1791 974 1853 ostendere
1000 1793 1102 1855 dentes
1313 1809 1346 1862 10

360 1882 400 1945 Et
420 1882 530 1958 nigram
555 1879 584 1937 in
605 1877 681 1938 facie
703 1876 817 1937 tumidis
841 1875 981 1937 livoribus
1007 1878 1092 1939 offam

361 1967 464 2044 Atque.
481 1962 596 2022 oculum
618 1961 732 2022 medico
754 1960 794 2021 nil
818 1961 1004 2039 promittente
1025 1962 1167 2023 relictum.

361 2046 519 2111 Bardaiods
542 2046 629 2106 iudex
650 2045 732 2106 datur
756 2045 830 2106 haee
852 2045 954 2124 punire
974 2044 1095 2122 volenti,
1142 2076 1145 2081 >

356 2133 489 2196 Calceus
514 2138 543 2190 et
564 2129 690 2207 grandes
710 2147 811 2206 magna
834 2127 1033 2191 adaubsellia
1057 2148 1155 2208 surae,

360 2217 488 2295 Legibus
512 2216 635 2294 antiquis
658 2223 815 2275 castrorum
839 2222 969 2273 etmore
993 2211 1107 2280 Camilli
1312 2228 1345 2281 15

362 2303 502 2375 Servato,
527 2298 611 2360 miles
636 2315 673 2359 ne
698 2297 921 2374 vallamlitiget
945 2306 1029 2361 extra
1052 2342 1073 2363 -,
1117 2334 1119 2339 -

360 2384 399 2446 Et
425 2382 567 2463 procula
589 2384 689 2459 signis.
725 2381 883 2462 laetissima
909 2384 1107 2443 centurionum
1170 2444 1173 2449 ,
1255 2399 1257 2403 ·

363 2467 497 2546 Cognitio
521 2475 566 2526 est
592 2468 680 2544 igitur
701 2465 869 2541 demilite,
893 2484 949 2524 nec
970 2467 1038 2529 mibi
1061 2466 1155 2530 deerit

360 2552 458 2627 Ultio,
481 2551 506 2609 si
529 2551 622 2610 iustae
645 2550 775 2611 delentur
797 2567 885 2610 caussa
911 2551 1075 2628 querellae:

361 2635 435 2696 Tota
460 2633 566 2693 cohors
589 2643 684 2693 tamen
708 2643 753 2692 est
774 2634 902 2710 inimica,
928 2650 1087 2714 omnesque
1108 2636 1225 2717 manipli
1307 2648 1344 2701 20

362 2717 515 2779 Consensu
539 2734 644 2794 magno
667 2717 810 2793 alliciunt,
834 2717 972 2779 curabilis
995 2727 1026 2779 ut
1048 2723 1093 2780 sit·
1120 2754 1123 2761 -

360 2803 494 2878 Vindicta
516 2810 545 2862 et
567 2802 685 2879 gravior
707 2815 800 2881 quam·
813 2802 932 2867 iniuria„
958 2801 1085 2880 Dignum
1109 2804 1167 2867 erit
1185 2821 1258 2883 ergo

360 2886 572 2950 Declamatoris
595 2886 701 2947 mulino
724 2886 815 2946 corde
835 2885 962 2964 Vagelli,
1039 2904 1043 2911 ·

361 2972 456 3046 Quam
478 2971 538 3038 duo
557 2988 641 3032 crura
662 2969 791 3045 babeas,
819 2971 970 3032 oiiendere
994 2980 1047 3033 tot·
1061 2972 1191 3051 caligas,
1217 2981 1261 3034 tot

360 3054 439 3116 blilia
476 3054 633 3115 clavorum.
672 3054 743 3129 Quis
770 3063 827 3115 tam
849 3056 953 3135 procul
979 3056 1055 3117 absit
1075 3057 1111 3117 ab
1136 3056 1209 3117 urbe
1309 3069 1345 3123 25

286 3168 290 3175 ·
360 3139 534 3214 Praeterea,
562 3140 626 3219 quis
648 3147 705 3198 tana
726 3138 867 3216 Pylades,
890 3139 996 3200 molem
1018 3144 1135 3218 aggeris
1157 3141 1233 3204 ultra

359 3221 399 3283 Ut
420 3221 537 3283 veniat?
562 3222 698 3300 lacrimae
722 3224 868 3284 siccentur
888 3227 1036 3308 protinus,
1059 3234 1144 3286 etse
1174 3214 1179 3238 '

360 3305 561 3367 Excusaturos
582 3324 640 3367 non
663 3306 856 3371 sollicitemus
880 3310 998 3369 amicos.

360 3390 405 3452 Da
427 3400 550 3467 testem,
574 3390 663 3451 iudex
687 3409 772 3469 quum
798 3392 917 3468 dixerit,
945 3390 1049 3451 audeat
1070 3388 1137 3450 ille·

360 3473 469 3535 Nescio
497 3476 580 3555 quis,
603 3492 716 3552 pugnos
740 3476 787 3552 qui
811 3476 896 3551 vidit,
919 3474 1036 3535 dicere:
1059 3472 1132 3531 uidi:
1309 3487 1344 3540 30

360 3558 398 3619 Et
423 3558 539 3619 credam
561 3559 676 3635 dignum
698 3559 800 3619 barba·
813 3559 986 3636 dignumque
1009 3554 1123 3633 capillis

359 3640 511 3703 liciorum.
549 3640 640 3702 Citius
662 3642 766 3703 ialsurn
788 3643 953 3722 producere
975 3647 1081 3701 testem

362 3722 470 3787 Contra
492 3743 636 3804 paganum
660 3729 774 3805 possis,
796 3742 882 3805 qnam
900 3741 973 3785 uera
996 3723 1165 3802 loquentem

251 3836 253 3844 ν
294 3891 300 3901 ι
361 3805 469 3871 Contra
494 3809 636 3870 fortunam
657 3811 757 3871 armati
780 3818 939 3888 contraque
965 3809 1116 3888 pudorem.
