3267 4409
637 859 996 958 ttttlltlo.

407 1131 456 1190 De
471 1130 577 1189 Persio
598 1129 747 1211 quidquid
760 1131 900 1192 novimus
920 1131 986 1191 fere
1006 1130 1153 1192 habemus
1173 1151 1213 1191 ex
1227 1133 1303 1190 anti·

326 1234 387 1297 qua
401 1215 474 1287 vita,
491 1230 582 1294 quam
598 1214 718 1274 codices
734 1219 768 1274 de
783 1219 976 1275 commentort'o
991 1217 1077 1273 Probi
1096 1218 1200 1273 Valerii
1212 1218 1303 1273 subtu-

324 1309 380 1358 tcm
395 1296 643 1376 praedicant,alii
658 1297 786 1358 fortasse
802 1297 843 1357 ad
858 1297 996 1358 Suetonii
1010 1297 1183 1377 Tranquilli
1197 1299 1306 1359 librum

325 1380 365 1441 de
392 1381 465 1439 viris
490 1379 656 1439 illustribus
678 1381 793 1441 referre
811 1382 940 1455 malent,
989 1400 1058 1440 nem
1084 1389 1188 1443 tamen
1208 1383 1306 1462 ipsum

323 1463 458 1524 Probum
475 1471 629 1522 auctorem
647 1465 734 1543 sequi
749 1466 885 1544 potuisse
901 1463 939 1525 Ο.
961 1402 1092 1523 dahnins
1111 1465 1144 1524 in
1157 1465 1306 1524 Ritsohel.

323 1547 452 1624 Parerg.
474 1546 607 1606 Plautin.
628 1567 658 1625 p.
682 1544 742 1606 618
768 1556 798 1607 et
820 1547 880 1606 Th.
903 1549 1118 1607 Mommsenius
1136 1549 1169 1608 in
1192 1547 1306 1608 Oomm.

325 1630 396 1690 Soc.
413 1630 458 1690 lit.
473 1630 558 1708 Lips.
574 1629 612 1687 T.
633 1629 658 1703 1,
672 1651 703 1709 p.
722 1630 783 1689 677
800 1630 887 1691 docte
902 1640 1098 1707 monuerunt3
1118 1631 1199 1691 hano
1217 1633 1307 1709 igitur

323 1732 431 1795 presse
452 1722 589 1785 secutus,
606 1714 748 1792 qnoniam
768 1715 860 1774 etiam
878 1713 916 1774 de
932 1723 1025 1793 poeta
1044 1716 1110 1794 ipso
1131 1734 1230 1774 novae
1249 1713 1306 1772 Sa-

323 1799 450 1857 tirarum
464 1797 546 1856 illius
561 1794 686 1856 editioni
700 1797 816 1877 aliquid
826 1798 980 1877 praemitti
993 1797 1144 1856 redemtor
1157 1798 1305 1857 honestis-

325 1881 418 1941 simus
435 1880 544 1952 voluit,
563 1898 641 1959 qnae
662 1881 734 1938 mihi
754 1889 915 1959 praeterea
933 1879 972 1938 ad
993 1880 1072 1939 hanc
1085 1881 1307 1958 praefationem

324 1964 478 2044 pertinere
493 1962 560 2021 visa
575 1971 653 2035 sunt,
665 1971 716 2022 ant
730 1963 885 2023 literarum
896 1963 998 2022 formis
1011 1963 1152 2022 distincta
1163 1964 1237 2043 ipsis
1252 1983 1304 2022 ve·

324 2047 398 2106 teris
419 2047 607 2125 grammatici
626 2047 727 2106 verbis
749 2047 917 2127 interposui
938 2054 990 2106 aut
1014 2045 1055 2105 ad
1078 2046 1170 2106 finem
1192 2056 1306 2127 quanta

324 2131 411 2210 potui
425 2130 574 2190 brevitate
592 2129 718 2207 subjeci.
1115 2189 1121 2210 ¹

410 2216 498 2272 Notus
525 2214 617 2290 igitur
639 2223 679 2271 est
703 2216 791 2272 Aulus
812 2217 926 2273 Persius
948 2216 1070 2273 Flaccus
1091 2216 1185 2289 pridie
1210 2215 1306 2272 Nonus

324 2299 489 2357 Decembres
509 2299 594 2356 Fabio
613 2299 725 2356 Persico
748 2299 831 2356 Iucio
861 2301 962 2356 Vitellio
985 2301 1153 2370 consulibus,
1178 2297 1229 2378 qui
1253 2316 1304 2355 an·

326 2395 383 2439 nns
401 2388 466 2439 erat
480 2400 510 2458 p.
528 2378 598 2438 Chr.
613 2400 643 2438 n.
660 2378 709 2452 34,
730 2401 761 2439 ιι.
788 2401 814 2440 c.
831 2378 908 2456 787;
930 2385 1045 2440 decessr't
1067 2383 1146 2441 VIII
1163 2384 1307 2441 Kalendas

325 2466 490 2523 Decembres
515 2466 610 2522 Publio
631 2465 723 2522 Murro
743 2468 837 2523 Asinio
861 2467 938 2524 Gallo
963 2467 1133 2538 consulibus,
1154 2464 1253 2541 idest
1277 2485 1307 2544 p.

327 2545 399 2606 chr.
421 2567 451 2605 n.
467 2544 517 2619 62,
537 2567 567 2605 u.
586 2567 612 2605 c.
632 2543 703 2620 815,
725 2547 808 2607 unde
823 2567 863 2608 no
884 2547 1170 2626 duodetrigesimum
1188 2547 1309 2628 quidem

326 2649 439 2690 annum
453 2629 603 2707 integrum
619 2650 686 2689 eum
703 2631 904 2711 complevisse
925 2632 1132 2709 intelligimus.
1167 2635 1256 2690 Notas
1270 2641 1311 2688 est

325 2719 354 2772 ira
375 2716 492 2771 Etnrrie
521 2717 671 2772 Volotem's
691 2731 773 2789 eques
793 2717 949 2788 Romanus,
970 2720 1103 2789 sanquine
1122 2723 1147 2772 et
1173 2716 1309 2788 affinitate

323 2801 411 2871 primi
432 2799 538 2855 ordinis
557 2802 622 2854 utris
646 2801 822 2870 conjunctus,
843 2816 902 2876 qno
928 2817 968 2856 ex
983 2817 1096 2874 genere
1111 2816 1172 2855 non
1189 2795 1307 2859 dubita-

325 2899 391 2939 mus
407 2880 480 2959 quin
496 2880 587 2938 etiam
605 2880 717 2940 Lucilii
732 2880 785 2939 ille
801 2880 938 2960 aequalis
954 2880 1058 2952 fuerit,
1074 2899 1165 2959 quem
1182 2877 1307 2938 Catulus

327 2962 411 3043 apud
432 2961 496 3022 Cio.
513 2961 599 3023 Orat.
616 2963 658 3022 11.
682 2962 711 3023 6.
730 2961 770 3021 25
790 2964 921 3022 omnium
937 2983 1011 3022 snae
1027 2963 1135 3022 aetatis
1156 2962 1308 3022 hominum

326 3046 532 3106 doctissimum
553 3046 688 3125 appellat
706 3046 865 3126 eidemque
880 3045 1026 3119 nonnulli,
1041 3054 1119 3106 teste
1142 3043 1205 3105 Cic.
1221 3046 1307 3105 Brut.

326 3126 377 3190 26.
395 3127 452 3202 99,
468 3129 636 3188 orationem
652 3149 671 3187 a
684 3130 802 3189 FannIo
818 3139 922 3189 contra
939 3129 973 3189 G.
991 3128 1161 3189 Gracchum
1174 3129 1308 3188 habitam

324 3211 513 3288 tribuebant3
536 3245 578 3255 -
594 3216 708 3271 decessit
727 3221 828 3271 antem
848 3222 950 3272 noster
966 3217 1138 3272 edoctorum
1152 3217 1308 3271 milliarium

324 3301 370 3356 ctu
389 3298 484 3370 Appio
499 3301 528 3353 in
543 3300 669 3370 proedo's
691 3301 764 3369 suis,
791 3315 870 3375 quae
892 3304 961 3356 sunt
982 3297 1034 3376 qui
1050 3295 1115 3354 Sat.
1131 3296 1185 3355 VI.
1204 3294 1244 3353 55
1259 3317 1306 3355 re-

324 3379 404 3461 spici
426 3386 549 3457 putant,
574 3398 748 3458 quanquam
768 3379 829 3437 alia
855 3400 976 3459 quoque
997 3381 1030 3439 in
1049 3378 1192 3439 Etruriae
1212 3381 1306 3439 conti-

323 3481 445 3541 guaeve
461 3462 606 3539 Liguriae
629 3482 682 3521 ora
705 3481 773 3521 eum
787 3461 961 3541 possedisse
983 3483 1023 3522 ex
1044 3461 1180 3540 ejusdem
1196 3464 1308 3523 satirae

322 3545 473 3627 principio
486 3545 577 3604 facile
590 3546 768 3622 colligimus.
794 3548 880 3604 Pater
900 3551 963 3620 ejus
980 3550 1099 3604 Flaccos
1112 3550 1247 3621 pupillum
1261 3565 1307 3605 re-

323 3632 402 3705 liquit
421 3633 541 3687 morieos
561 3648 697 3696 annorum
714 3632 779 3704 fere
800 3647 867 3705 sec3
886 3631 1128 3689 Fulviu.Sr'senm'o
1148 3639 1235 3687 meter
1255 3649 1307 3688 nu-

318 3717 379 3791 pso't
393 3721 492 3787 posteo
505 3715 592 3772 Fusio
613 3717 696 3788 equiti
718 3715 844 3773 Romano
867 3723 894 3772 et
912 3732 972 3772 eom
994 3731 1106 3790 quoque.
1120 3718 1217 3772 extulit
1234 3718 1307 3771 intro
