3267 4409
729 482 811 543 22
1363 492 1435 540 ι).
1478 492 1622 543 nm.
1664 491 2036 541 mvnnms

731 633 857 694 Nec
899 632 1107 693 melior
1146 631 1343 708 vultu,
1393 631 1652 711 quamvis
1696 629 2005 708 ignobilis,
2048 628 2171 691 ibat

733 717 1014 793 Rubrius,
1059 716 1322 776 offensae
1365 716 1583 776 veteris
1627 731 1763 774 reus
1807 724 1981 793 atque
2023 713 2331 791 tacendae,
2604 726 2709 781 105

731 801 806 861 Et
849 810 1038 860 tamen
1082 798 1399 879 improbior
1440 800 1670 861 satiram
1716 796 2008 859 scribente
2053 797 2317 859 cinaedo.

729 884 982 945 Montani
1033 900 1267 962 quoque
1307 891 1511 942 venter
1553 882 1721 942 adest
1766 881 2069 942 abdomine
2111 884 2334 958 tardus,

731 968 808 1029 Et
848 968 1121 1028 matutino
1165 968 1376 1027 sudans
1424 964 1724 1045 Crispinus
1770 982 2019 1041 amomo,

734 1052 1017 1127 Quantum
1055 1052 1155 1111 vix
1194 1050 1464 1111 redolent
1506 1050 1619 1110 duo
1664 1048 1899 1117 funera:
1946 1048 2180 1108 saevior
2220 1047 2327 1108 illo

731 1137 1041 1215 Pompeius
1084 1136 1238 1195 tenui
1279 1134 1508 1212 iugulos
1554 1132 1785 1232 aperi-re
1828 1150 2090 1209 susurro,
2168 1186 2175 1195 .
2611 1145 2711 1197 110

731 1220 807 1281 Et
848 1221 949 1298 qui
993 1218 1311 1279 vulturibus
1355 1216 1627 1278 servabat
1667 1218 1898 1277 viscera
1940 1216 2119 1277 Dacis

732 1304 992 1379 Fuscus,
1038 1320 1359 1363 marmorea
1398 1300 1701 1360 meditatus
1746 1300 1973 1379 proelia
2014 1298 2177 1375 villa,

734 1388 809 1449 Et
857 1405 985 1447 cum
1023 1384 1322 1447 mortifero
1366 1385 1620 1465 prudens
1662 1384 1914 1444 Veiento
1962 1375 2215 1458 Catullo,

736 1471 848 1546 Qui
889 1488 1190 1549 numquam
1231 1472 1394 1530 visae
1441 1468 1723 1546 flagrabat
1764 1468 1962 1527 amore
2005 1466 2265 1546 puellae,

738 1554 963 1616 Grande
1012 1563 1071 1614 et
1120 1555 1494 1633 conspicuum
1537 1557 1740 1613 nostro
1782 1568 2017 1630 quoque
2050 1560 2318 1629 tempore
2359 1558 2709 1617 monstrum

739 1636 966 1698 Caecus
1013 1637 1276 1697 adulator
1309 1637 1591 1715 dirusque
1635 1653 1668 1695 a
1712 1643 1891 1714 ponte
1933 1634 2198 1711 satelles,
2612 1646 2712 1701 115

736 1722 959 1798 Dignus
1007 1720 1276 1781 Aricinos
1322 1722 1418 1799 qui
1461 1720 1816 1779 mendicaret
1862 1719 1933 1779 ad
1982 1736 2123 1780 axes

735 1804 1067 1883 Blandaque
1111 1804 1373 1864 devexae
1419 1805 1665 1864 iactaret
1707 1801 1868 1864 basia
1910 1804 2109 1863 redae.

735 1889 920 1950 Nemo
965 1890 1147 1966 magis
1189 1887 1487 1948 rhombum
1532 1887 1781 1965 stupuit·
1822 1904 1951 1947 nam
1993 1886 2236 1966 plurima
2282 1882 2431 1945 dixit

736 1973 801 2034 ln
844 1973 1071 2033 laevum
1116 1990 1465 2040 conversus:
1512 1978 1570 2030 at
1612 1970 1698 2031 illi
1747 1970 1949 2031 dextra
1991 1969 2221 2031 iacebat
2616 1980 2709 2033 120

736 2056 959 2117 Bellua.
1048 2056 1148 2131 Sic:¹
1191 2072 1414 2134 pugnas
1458 2052 1656 2114 Cilicis
1702 2053 1972 2114 laudabat
2015 2063 2076 2115 et
2119 2054 2270 2114 ictus
2328 2056 2335 2063 “

736 2138 813 2200 Et
856 2158 1065 2219 pegma
1108 2147 1166 2199 et
1211 2157 1427 2219 pueros
1473 2139 1608 2199 inde.
1650 2137 1721 2198 ad
1764 2137 1983 2199 velaria
2032 2146 2252 2217 raptos.

737 2224 869 2284 Non
913 2225 1065 2284 cedit
1105 2223 1389 2300 Veiento,
1433 2222 1539 2283 sed
1583 2230 1646 2282 ut
1686 2221 1969 2283 fanaticus
2018 2230 2217 2281 oestro

739 2308 1089 2383 Percussus,-
1134 2306 1412 2383 Bellona,
1460 2315 1559 2367 tuo
1604 2307 1818 2368 divinat
1859 2313 1951 2381 et,
1997 2304 2209 2383 Ingens

742 2391 948 2450 Omen
964 2390 1175 2465 habes,
1222 2392 1433 2469 inquit,
1483 2391 1673 2467 magni
1717 2389 1975 2468 clarique
2018 2387 2317 2467 triumphi:
2615 2396 2701 2453 12⁵

738 2474 964 2550 Regem
1009 2474 1256 2550 aliquem
1303 2475 1532 2550 capies,
1579 2482 1676 2534 aut
1720 2472 1792 2534 de
1836 2482 2067 2534 temone
2105 2449 2378 2533 Britanno

739 2555 991 2615 Excidet
1032 2553 1382 2631 Arviragus:
1429 2557 1737 2632 peregrina
1779 2565 1869 2617 est
1910 2546 2135 2623 bellua,
2186 2556 2381 2615 cernis

741 2637 988 2697 Erectas
1031 2639 1089 2696 in
1132 2645 1298 2714 terga
1340 2635 1663 2698 sudes?—
1699 2637 1828 2700 Hoc
1867 2639 2050 2700 defuit
2088 2657 2260 2700 unum

743 2720 1049 2797 Fabrici0,
1095 2723 1334 2799 patriam
1379 2730 1439 2781 ut
1480 2722 1706 2783 rhombi
1756 2732 2107 2785 memoraret
2150 2731 2208 2783 et
2250 2739 2457 2785 annos.
2480 2752 2571 2763 —-

744 2804 1022 2879 Quidnam
1064 2805 1238 2882 igitur
1281 2802 1537 2865 censes?
1579 2804 2045 2868 conciditur‘l—
2082 2803 2253 2867 Absit
2288 2803 2363 2867 ab
2404 2804 2513 2869 illo
2610 2810 2699 2869 180

740 2888 1013 2950 Dedecus
1056 2888 1202 2965 hoc,
1248 2887 1549 2950 Montanus
1594 2893 1698 2960 ait;
1743 2899 1897 2951 testa
1941 2892 2073 2951 alta
2099 2898 2358 2970 paretur,
2459 2912 2472 2913 ’
2504 2912 2610 2914 ’Ἦ

744 2973 907 3046 Quae
949 2974 1106 3032 tenui
1152 2990 1314 3033 muro
1359 2976 1676 3053 spatiosum
1720 2974 1961 3054 colligat
2001 2974 2221 3034 urbem.

740 3056 1002 3117 Debetur
1046 3075 1287 3134 magnus
1331 3060 1561 3136 patinae
1611 3048 1953 3138 subitusque
1993 3056 2406 3129 Prometheum

740 3139 1023 3217 Argillam
1066 3150 1239 3218 atque
1286 3150 1470 3201 rotam
1514 3143 1682 3202 citius
1726 3142 2077 3222 properate!
2125 3142 2237 3202 :ed
2270 3157 2379 3206 ex
2390 3134 2559 3215 &BQ-⁰.
2624 3174 2648 3194 ο

741 3223 1030 3303 Tempore
1072 3225 1211 3324 iam,
1258 3222 1505 3301 Caesar,
1555 3225 1717 3303 figuli
1767 3235 1862 3286 tua
1905 3234 2097 3289 castra
2135 3227 2521 3321 mmm-
2557 3229 2601 3241 ”
2639 3218 2709 3286 .’··

737 3307 894 3367 Vicit
934 3307 1105 3384 digna
1145 3310 1272 3369 viro
1317 3311 1627 3370 sententia:
1676 3318 1922 3373 noverat
1955 3310 2069 3380 iila
2216 3374 2235 3387 „
2271 3371 2290 3383 ,
2614 3301 2619 3308 ’

740 3389 1044 3451 Luxuriam
1086 3393 1311 3471 imperii
1352 3401 1614 3454 veterem
1657 3402 2044 3474 noctesque
2277 3405 2317 3468 ι,
2353 3439 2368 3456 ,

741 3470 856 3532 Iam
900 3475 1117 3535 medias
1162 3476 1446 3576 aliamque
1490 3477 1733 3555 famem,
1780 3486 1965 3560 quma.
2037 3527 2165 3559 ὃ
2213 3492 2241 3537 ·;
2282 3483 2303 3513 f

741 3555 1012 3617 Arderet.
1102 3558 1257 3620 Nulli
1298 3561 1482 3621 maior
1522 3561 1630 3621 fuit
1672 3578 1813 3630 usus
2054 3559 2057 3561 ’

742 3637 1112 3718 Tempestate
1155 3662 1316 3704 mea:
1363 3642 1586 3705 Circeis
1629 3654 1765 3709 nata

734 3720 1039 3785 Lucrinum
1083 3725 1156 3788 ad
1202 3746 1404 3791 saxum
1445 3727 1849 3810 Rutupinove.
1889 3762 1897 3794 ι
