3267 4409
321 428 363 492 48
648 437 682 485 n.
701 435 771 485 ms.
788 434 974 487 musalms

322 577 379 653 out
400 575 483 637 locus
504 573 637 653 ingenio,
660 574 714 633 nisi
736 591 822 652 quum
844 574 1024 635 se·carmlne
1044 572 1111 635 solo
1186 590 1189 595 ·

321 662 436 722 Vexaat
459 669 488 719 et
509 660 629 719 dominis
654 656 774 717 Cirrhae
795 656 952 736 Nysaeque
974 658 1107 718 ferantur

321 745 444 806 Pectora
468 753 582 818 vestra,
606 742 676 803 duas
698 759 755 801 non
778 742 955 802 admittentia
976 739 1084 802 curas?
1281 754 1317 811 65

321 828 444 905 Magnae
465 829 568 886 mentis
589 843 662 905 opus
684 844 739 886 nec
761 825 797 884 de
821 825 917 886 lodice
938 827 1066 905 paranda

321 913 485 988 Attonitae,
509 928 609 972 currus
632 919 662 971 et
683 926 775 987 equos
796 908 947 987 faciesque
968 910 1090 970 deorum

321 996 466 1077 Aspicere
502 1005 531 1054 et
553 995 646 1073 qualis
667 993 800 1053 Rutulum
823 994 979 1063 contundat
1000 993 1116 1069 Erinys.

320 1079 393 1142 Nam
417 1081 442 1138 si
462 1079 593 1156 Vergilio
615 1095 688 1156 puer
709 1085 738 1137 et
755 1077 910 1137 tolerabile
932 1079 1054 1138 deesset

321 1164 498 1243 Hospitium,
522 1162 661 1223 caderent
683 1179 783 1222 omnes
805 1178 822 1220 a
847 1161 972 1222 crinibus
995 1161 1093 1236 hydri;
1192 1198 1195 1203 -
1230 1206 1233 1211 .
1283 1175 1318 1232 70

322 1249 415 1310 Surda
437 1247 506 1306 nihil
528 1255 660 1323 gemeret
677 1263 767 1323 grave
787 1244 925 1312 buccina;
949 1247 1114 1323 poscimus,
1138 1255 1170 1306 ut
1192 1249 1234 1309 sit

321 1332 387 1393 Non
408 1333 500 1391 minor
521 1331 637 1408 antiquo
659 1329 811 1389 Rubrenus
833 1327 933 1407 Lappa
956 1329 1109 1405 cothurno,

323 1414 411 1476 Gaius
434 1424 462 1474 et
484 1414 617 1475 alveolos
642 1423 673 1474 et
694 1415 805 1474 laenam
825 1414 959 1490 pignerat
981 1411 1111 1474 Atreus?

322 1500 387 1561 Non
410 1499 497 1559 babet
519 1498 621 1558 inlelix
641 1496 789 1573 Numitor,
813 1497 892 1576 quod
913 1499 1005 1557 mittat
1026 1499 1140 1559 amico:

323 1583 480 1657 Quintillae
500 1583 577 1660 quod
599 1582 704 1658 donet,
727 1581 831 1646 babet:
855 1599 911 1642 nec
933 1582 1023 1641 deluit
1041 1582 1095 1658 illi,
1285 1594 1317 1651 75

322 1668 405 1728 Unde
429 1675 539 1725 emeret
557 1666 643 1726 multa
668 1666 846 1744 pascendum
867 1684 954 1726 carne
975 1666 1092 1726 leonem

322 1751 380 1812 lam
403 1750 555 1810 domitum:
577 1759 690 1810 constat
710 1750 814 1809 leviori
838 1749 934 1811 bellua
958 1760 1072 1829 sumpta

322 1835 475 1911 Nimirum,
498 1844 527 1893 et
548 1836 663 1912 capiunt
683 1834 747 1912 plus
768 1835 903 1894 intestina
925 1843 1042 1912 poetae.

324 1920 482 1981 Contentus
506 1918 580 1977 lama
602 1920 697 1979 iaceat
718 1916 849 1977 Lucanus
871 1920 900 1977 in
920 1918 1014 1978 bortis

323 2004 509 2065 Marmoreis:
534 2011 563 2062 at
582 2003 708 2063 Serrano
730 2004 866 2080 tenuique
887 2002 987 2063 Saleio
1284 2016 1317 2071 90

325 2086 422 2149 Gloria
445 2086 623 2166 quantalibet
645 2087 713 2166 quid
731 2089 801 2163 erit,
825 2088 851 2146 si
874 2086 969 2164 gloria
992 2095 1099 2146 tantum
1121 2087 1190 2150 est'l

325 2171 454 2232 Curritur
475 2172 510 2231 ad
530 2188 634 2231 vocem
656 2171 806 2231 iucundam
829 2180 858 2232 et
880 2189 997 2231 carmen
1018 2172 1131 2233 amicae

325 2256 510 2331 Thebaidos,
533 2255 636 2315 laetam
658 2273 743 2333 quum
764 2256 836 2315 lecit
857 2256 965 2315 Statius
986 2254 1089 2315 urbem

324 2340 517 2418 Promisitque
537 2339 625 2400 diem:
647 2348 725 2400 tanta
749 2339 903 2400 dulcedine
925 2348 1028 2418 captos

325 2422 426 2484 Allicit
446 2425 496 2484 ille
520 2426 645 2499 animos,
668 2432 803 2503 tantaque
825 2423 945 2483 libidine
965 2422 1045 2500 vulgi

324 2507 460 2576 Auditum
484 2507 536 2567 sed
559 2526 644 2586 quum
668 2507 756 2587 lregit
777 2507 917 2568 subsellia
938 2526 1037 2583 versu,

325 2590 441 2667 Esurit,
464 2592 597 2652 intactam
619 2591 713 2651 Paridi
734 2592 789 2652 nisi
809 2593 908 2651 vendit
928 2591 1060 2670 Agaven.

325 2675 431 2737 llle'et
450 2676 567 2735 militiae
588 2676 683 2734 multis
705 2676 827 2754 largitus
845 2675 987 2736 bonorem
1359 2669 1364 2801 Ι

326 2761 487 2823 Semenstri
509 2759 616 2837 digitos
639 2769 733 2821 vatum
758 2760 938 2837 circumligat
962 2777 1042 2820 auro

326 2845 412 2918 Quod
434 2863 490 2904 non
513 2845 580 2905 dant
602 2862 761 2922 proceres,
783 2844 862 2905 dabit
882 2846 999 2905 histrio:
1020 2853 1050 2904 tu
1071 2841 1248 2911 Camerinos
1284 2858 1363 2916 90Ι
1360 2833 1364 2862 ²

325 2926 363 2989 Et
383 2929 520 3005 Baream,
543 2938 573 2988 tu
591 2929 731 2990 nobilium
751 2947 854 3006 magna
876 2931 948 2990 atria
969 2926 1077 2990 curas‘l
1360 2948 1363 2966 ·

325 3013 495 3074 Praefectos
515 3013 644 3091 Pelopea
666 3014 751 3089 iacit,
760 3013 936 3074 fhilomela
957 3012 1098 3073 tribunos.

325 3096 407 3157 Haud
429 3107 523 3157 tamen
545 3098 677 3158 invideas
697 3100 772 3175 vati,
795 3116 881 3176 quem
902 3098 1013 3179 pulpita
1036 3108 1170 3175 pascunt.

327 3180 399 3254 Quis
419 3182 470 3240 tibi
485 3180 656 3256 Maecenas,
677 3184 740 3260 qrris
765 3200 840 3242 nunc
863 3183 918 3244 erit
933 3190 982 3243 aut
1003 3181 1179 3245 Proculeius

326 3264 385 3324 Aut
405 3262 531 3329 Fabius?
554 3267 617 3344 quis
641 3263 724 3326 Cotta
747 3267 865 3343 iterum,
889 3268 953 3345 quis
973 3265 1112 3326 Lentulus
1133 3268 1235 3331 alter?
1283 3278 1315 3335 95

327 3348 408 3408 'lunc
427 3368 480 3427 par
501 3351 618 3426 ingenio
640 3352 776 3428 pretium;
800 3359 869 3411 tunc
892 3351 961 3411 utile
982 3349 1078 3409 multis

326 3432 442 3493 Pallere
464 3443 494 3493 et
514 3437 609 3494 vinum
629 3444 690 3494 toto
711 3436 827 3495 nescire
850 3434 1016 3495 Decembri.

367 3515 474 3576 Vester
494 3535 582 3605 porro
603 3518 687 3578 labor
708 3519 876 3593 fecundior,
898 3518 1081 3581 historiarum

327 3599 516 3677 Scriptores?
538 3601 609 3681 petit
630 3602 677 3663 hic
699 3603 763 3679 plns
786 3604 927 3681 temporis
947 3612 1033 3681 atque
1056 3603 1117 3665 olei
1138 3605 1225 3687 plus·

325 3682 413 3744 Nullo
434 3687 541 3766 quippe
560 3687 647 3747 modo
668 3687 821 3753 millesima
842 3689 947 3767 pagina
968 3688 1061 3766 surgit
1267 3698 1314 3755 lot
