3267 4409
507 464 847 527 EPIGRAMMATON
856 467 930 527 LIB.
947 467 999 532 Vl.
1209 465 1270 530 147

314 619 428 699 „Tune
444 635 495 695 es,
516 617 613 677 tune“
629 619 671 677 ait
685 617 762 695 „ille
777 617 949 696 Martialis,

293 705 413 767 oculus
431 703 584 780 nequitias
598 702 744 781 iocosque
758 704 860 780 novit,

314 788 430 847 Aurem
446 788 498 864 qui
512 785 602 845 modo
619 805 680 845 non
695 788 790 847 habet
802 786 951 846 Boeotum
958 784 996 844 ’.Μ

315 871 437 931 Subrisi
451 869 588 947 modice,
606 868 731 948 levique
745 877 822 930 nutu

269 955 282 964 ”
312 956 368 1016 Me
384 973 476 1033 quem
493 953 613 1013 dixerat
628 972 697 1013 esse
714 974 777 1013 nou
791 954 909 1032 negavi.

314 1040 400 1117 „Cur
416 1039 512 1117 ergo“
527 1040 628 1116 iuquit
642 1039 760 1115 „habes
773 1037 868 1104 malas
882 1037 1068 1098 lacernas‘3“

273 1122 486 1203 loRespondi,
507 1124 577 1200 quia
591 1142 657 1180 snm
672 1121 767 1180 malus
781 1129 883 1201 poeta.
1074 1129 1077 1140 '

313 1209 382 1268 Hoc
396 1226 436 1266 ne
450 1208 571 1285 saepius
580 1204 706 1265 accidat
720 1212 848 1285 poetae,

312 1293 440 1371 Mittas,
458 1291 556 1369 Rufe,
578 1292 653 1359 mihi
667 1291 762 1350 bonas
776 1288 926 1350 lacernas.
1018 1320 1021 1324 ,

564 1425 566 1428 ’
674 1454 835 1518 nxxxrn.

315 1569 469 1645 Quantum
484 1566 616 1627 sollicito
631 1567 755 1628 fortuna
770 1569 909 1648 parentis
923 1568 1071 1646 Etrusco,

357 1653 507 1728 Tantum,
530 1671 645 1710 summe
661 1651 787 1728 ducum,
809 1651 904 1712 debet
918 1658 1051 1731 uterque
1064 1651 1130 1712 tihi.

313 1737 388 1796 Nam
402 1742 437 1796 tu
452 1732 544 1794 missa
558 1742 610 1794 tua
624 1738 775 1814 revocasti
789 1735 917 1796 fulmina
933 1735 1057 1796 dextra:

355 1821 421 1880 Hos
436 1838 581 1899 cuperem
596 1840 698 1879 mores
711 1821 833 1898 ignibus
848 1839 917 1880 esse
931 1821 1021 1881 lovis.

266 1953 269 1957 .
292 1903 363 1966 nsit
378 1911 446 1982 tua,
469 1907 509 1963 sit
526 1923 657 1980 summo,
681 1905 812 1980 Caesar,
835 1912 943 1963 natura
959 1904 1109 1993 Tonanti:

354 1990 469 2049 Utetur
482 1995 549 2047 toto
564 1988 691 2047 fulmine
704 2009 774 2046 rara
789 2007 904 2046 manus.

314 2073 454 2132 Muneris
468 2073 528 2132 hoc
542 2076 706 2150 utrumque
724 2073 768 2131 tui
783 2078 915 2131 testatur
930 2071 1096 2148 Etruscus,

353 2157 432 2218 Esse
448 2154 530 2235 qnod
544 2161 576 2215 et
591 2157 695 2216 comiti
710 2157 841 2234 contigit
857 2161 890 2215 et
904 2153 1020 2216 reduci.

666 2319 832 2383 nxxxrv.
902 2391 907 2400 ⁴

315 2435 491 2514 Octaphoro
506 2455 596 2495 sanus
610 2442 767 2515 portatur,
789 2437 895 2512 Avite,
915 2413 1086 2513 Philippus.

354 2519 445 2578 Hunc
459 2526 492 2578 tu
508 2522 535 2580 si
550 2540 655 2580 sanum
668 2520 788 2599 credis,
811 2521 918 2598 Avite,
940 2518 1027 2579 furis.

675 2684 826 2747 LXXXV.

313 2792 426 2854 Editur
440 2812 477 2852 en
494 2801 597 2855 sextus
615 2796 682 2855 sine
699 2802 731 2855 te
746 2798 837 2873 mihi,
859 2795 940 2855 Rufe
957 2795 1101 2872 Camoni,

354 2879 419 2938 Nec
433 2885 465 2937 te
479 2878 630 2938 lectorem
645 2886 763 2959 sperat,
786 2881 900 2958 amice,
921 2879 1013 2941 liber.
1083 2922 1085 2927 -

313 2962 408 3041 Impia
423 2962 637 3042 Cappadocum
652 2963 745 3024 tellus
761 2971 793 3023 et
806 2966 930 3024 numine
944 2964 1032 3024 laevo

355 3047 430 3108 Visa
444 3049 500 3106 tibi
518 3048 639 3107 cineres
654 3047 759 3107 reddit
773 3055 806 3106 ct
822 3046 893 3107 ossa
903 3049 995 3128 patri.

292 3129 425 3192 5ande
440 3135 493 3190 tuo
508 3130 666 3207 lacrimas,
690 3133 797 3191 orbata
810 3133 964 3210 Bononia,
986 3131 1083 3207 Rufo,

353 3215 396 3275 Et
410 3207 538 3275 resonet
553 3222 618 3275 tota
631 3216 772 3296 planctus
787 3216 819 3273 in
832 3213 973 3277 Aemilia.

312 3299 383 3358 llen
399 3298 496 3375 qualis
512 3302 629 3378 pietas,
652 3301 714 3359 heu
728 3320 817 3379 quam
828 3301 936 3373 ⁴brevis
950 3296 1064 3358 occidit
1080 3293 1177 3356 aetas!

354 3381 487 3444 Viderat
501 3383 612 3463 Alphei
627 3386 764 3464 praemia
782 3384 888 3463 quinta
902 3381 1003 3442 modo.

312 3467 447 3527 Pectore
460 3475 495 3526 tu
509 3469 638 3527 memori
651 3473 774 3527 nostros
789 3467 932 3527 evolvere
945 3465 1050 3544 lusus,

274 3562 306 3613 lt)
354 3552 404 3610 'l'u
419 3549 528 3611 solitus
543 3557 641 3628 totos,
662 3552 756 3627 Rufe,
779 3557 890 3612 tenere
904 3552 1005 3628 iocos,

313 3637 431 3715 Accipe
447 3655 514 3695 curu
528 3638 605 3696 fletu
619 3638 728 3696 maesti
743 3639 838 3696 breve
853 3652 980 3696 carmen
991 3634 1080 3694 amici

357 3722 461 3800 Atque
476 3721 552 3782 haec
567 3723 702 3782 absentis
716 3725 785 3780 tura
799 3721 896 3782 fuisse
912 3725 994 3803 puta.
1028 3770 1032 3775 ,

1001 3802 1070 3870 lili
1117 3870 1123 3875 ,
