3267 4409
559 440 901 506 EPIGRAMMATON
913 442 987 504 LlB.
1003 444 1025 503 1.

355 601 516 678 Argento,
537 590 627 675 nive,'
648 594 735 673 lilio,
756 595 904 673 ligustro:

356 682 418 744 Sed
434 681 588 762 quandam
602 679 672 741 volo
687 685 778 739 nocte
796 681 982 757 nigriorem,

340 768 522 845 5Formica‚
544 767 633 845 pice,
656 762 796 843 graculo,
815 763 928 824 cicada.

352 853 416 912 lam
430 849 599 932 suspendia
612 868 702 909 saeva
716 849 887 924 cogitabas:

356 936 388 996 Si
400 937 476 995 novi
491 937 572 995 bene
589 940 639 1013 te,
660 929 813 1010 Procille,
835 934 927 992 vives

741 1064 848 1128 CXVI.

356 1181 424 1242 Hoc
438 1199 548 1241 nemus
564 1185 692 1240 aeterno
708 1180 846 1239 cinerum
861 1180 992 1238 sacravit
1006 1179 1116 1237 honori

393 1265 534 1325 Faenius
551 1271 585 1325 et
599 1262 675 1324 culti
688 1265 794 1342 iugera
808 1261 940 1342 pulchra
955 1260 1023 1321 soli.
1086 1278 1088 1282 ⁴

356 1349 425 1409 Hoc
436 1350 556 1427 tegitur
571 1349 633 1408 cito
647 1355 736 1427 rapta
750 1347 812 1406 suis
827 1344 956 1405 Antulla
968 1344 1128 1426 sepulcro,

398 1432 468 1494 Hoc
483 1433 545 1493 erit
558 1430 706 1493 Antullae
721 1432 833 1491 mixtus
849 1437 980 1510 uterque
995 1449 1118 1516 parens.

337 1515 394 1578 osi
409 1519 494 1598 cupit
506 1517 588 1577 hunc
603 1514 732 1595 aliquis,
752 1534 879 1593 moneo,
902 1534 941 1575 ne
958 1522 1065 1595 speret
1080 1513 1229 1594 agellum:

399 1600 556 1680 Perpetuo
572 1599 704 1660 dominis
718 1600 835 1659 serviet
848 1599 909 1659 iste
925 1601 996 1660 suis.
1105 1669 1107 1673 ἢ
1214 1642 1218 1653 ,

731 1747 852 1811 CXVII.

357 1861 507 1921 Occurris
524 1863 680 1940 quotiens,
700 1862 862 1942 Luperce‚
883 1865 990 1923 nobis:

358 1945 438 2024 „Vis
451 1945 568 2006 mittan
580 1946 732 2028 puerum“
748 1945 878 2006 subinde
894 1946 987 2023 dicis,

358 2029 441 2108 „Cui
455 2027 561 2088 trudas
572 2032 812 2111 epigrammaton
831 2028 991 2105 libellum,

357 2113 491 2173 Lectum
506 2129 595 2191 quem
606 2115 664 2174 tibi
679 2115 820 2193 protinus
835 2116 989 2175 remittam
997 2112 1035 2169 :²⁶⁶

339 2197 432 2260 5Non
451 2201 501 2256 est
517 2194 599 2274 quod
608 2216 754 2275 puerum,
775 2196 936 2278 Luperce,'
955 2214 1056 2257 vexes,

358 2280 500 2359 Longum
515 2286 580 2357 est,
603 2280 629 2338 si
640 2281 716 2341 velit
731 2280 769 2341 ad
785 2283 891 2342 Pirum
906 2283 1031 2357 venire,

358 2365 401 2426 Et
415 2362 510 2424 scalis
523 2364 628 2423 habito
643 2367 756 2444 tribus,
778 2365 835 2426 sed
850 2365 930 2427 altis.

360 2447 453 2526 Quod
469 2449 591 2527 quaeris
606 2450 729 2527 propius
746 2456 835 2530 petas
848 2448 967 2511 licebit.

360 2534 440 2612 Argi
453 2550 566 2611 nempe
582 2528 667 2590 soles
685 2518 787 2594 satire
800 2532 914 2594 letum:
938 2544 941 2548 '

323 2617 480 2678 loGontra
495 2617 636 2677 Caesaris
651 2620 699 2674 est
712 2615 811 2678 lorum
827 2620 956 2678 taberna

361 2700 495 2781 Scriptis
511 2701 651 2780 postibus
664 2700 737 2757 hinc
753 2708 782 2760 et
797 2702 872 2761 inde
886 2705 980 2779 totis,

362 2786 477 2846 Omnes
491 2793 526 2844 ut
543 2785 604 2844 cito
618 2781 762 2863 perlegas
775 2793 892 2863 poetas.

361 2868 451 2930 lllinc
464 2887 515 2929 me
528 2874 620 2949 pete,
635 2868 701 2927 'nec
717 2885 808 2944 roges
823 2872 1002 2948 Atrectum,
1017 2903 1060 2914 --
1175 2897 1178 2901 ·

361 2954 430 3014 Hoc
445 2972 559 3013 nomen
574 2950 714 3022 (lominus
729 2953 810 3028 gerit
823 2956 988 3031 tabernae,
1006 2987 1049 2996 -

326 3039 407 3099 mlle
420 3039 522 3118 primo
538 3036 623 3096 dabit
637 3033 773 3095 alterove
787 3035 862 3096 nido

361 3116 475 3182 Rasum
488 3121 611 3201 pumice
624 3137 820 3198 purpuraque
836 3119 950 3180 cultum

363 3206 495 3266 Denaris
509 3206 568 3266 tibi
585 3205 720 3282 quinque
732 3202 918 3262 Martialem.

364 3290 479 3376 „Tanti
493 3308 557 3350 non
574 3287 630 3346 es“
645 3287 712 3346 ais?
732 3285 837 3365 Sapis,
860 3287 1011 3366 Luperco.

701 3473 704 3479 .
729 3420 861 3482 CXVIII.

366 3537 553 3616 collegisse
569 3538 643 3596 satis
656 3556 715 3596 non
729 3544 778 3596 est
793 3521 1011 3616 epigrammata
1027 3541 1166 3613 centum,

404 3622 456 3683 Nil
465 3622 516 3684 illi
529 3622 605 3682 satis
620 3626 685 3698 est,
707 3619 906 3699 caedirune,
928 3618 1010 3683 mali.

695 3764 895 3775 ...ο-...η

1276 442 1316 504 39
