3267 4409
326 463 389 527 242
418 521 424 529 ‚
592 514 598 529 ,
647 461 693 525 Μ.
708 408 800 524 VAL.
815 458 1041 522 MAR'I’IALIS
1137 514 1144 529 ,

453 613 571 674 Tristia
585 630 744 674 servorum
758 613 900 692 stigmata
914 611 1000 674 delet
1013 613 1110 688 Eros3

409 697 664 761 Enterocelarum
679 697 781 758 fertur
794 697 968 758 Podalirius
983 698 1132 757 Hermes:

454 784 514 861 Qui
528 788 617 842 sanet
631 786 740 862 ruptos
755 781 805 842 dic
819 783 912 862 mihi,
933 774 1039 860 Galle,
1059 781 1128 861 quis
1143 781 1214 842 est?

755 926 757 931 '
799 916 889 979 LVII.

410 1017 542 1093 Argenti
555 1013 667 1097 libram
682 1017 844 1090 mittebas3
865 1016 948 1076 facta
962 1013 1078 1077 selibra
1086 986 1158 1094 ’θεὴ

452 1098 516 1158 Sed
529 1095 656 1182 piperis.
686 1101 780 1161 'Ianti
793 1120 857 1160 non
872 1118 958 1179 emo,
976 1100 1086 1178 Sexte,
1107 1101 1208 1209 piper.

792 1233 897 1296 LVIII.

409 1331 542 1390 Anxuris
558 1331 706 1411 aequorei
718 1327 873 1411 placidos,
894 1329 1063 1409 Frontine,
1084 1350 1226 1392 recessus

450 1415 492 1475 Et
505 1417 632 1496 propius
645 1417 734 1475 Baias
747 1415 951 1492 lItoreomque
967 1413 1105 1494 domum,

408 1497 450 1560 Et
466 1497 547 1576 quod
562 1500 743 1559 Inhumanac
759 1518 869 1559 cancro
884 1500 1025 1558 fervente
1043 1499 1167 1560 cicadae

450 1583 519 1641 Non
534 1601 648 1643 novere
662 1602 785 1660 nemus,
807 1583 1031 1662 flumineosque
1044 1581 1129 1643 lacus
1207 1590 1217 1665 'x

387 1665 488 1725 blinm
505 1664 602 1744 colui,
625 1666 730 1727 doctas
745 1673 846 1726 tecum
862 1666 1022 1727 celebrare
1036 1670 1162 1728 vacabat

450 1747 608 1828 Pieridas,
628 1769 709 1810 nunc
723 1769 779 1810 nos
795 1752 923 1810 maxima
937 1752 1033 1811 Roma
1047 1753 1132 1812 terit.

408 1833 469 1893 llic
483 1834 559 1893 mibi
574 1833 694 1913 quando
710 1833 777 1894 dles
789 1853 876 1893 mens
892 1835 962 1895 est?
982 1837 1131 1897 iactamur
1146 1833 1255 1897 inulto

451 1917 546 1978 Urbis
561 1924 593 1977 et
607 1919 640 1978 in
657 1917 758 1979 sterIli
773 1920 834 1978 vita
847 1917 955 1978 labore
971 1921 1071 1999 perii,

408 2002 492 2061 Dura
506 2004 672 2062 suburbani
687 2002 759 2062 dum
772 2003 879 2081 iugera
892 2005 1043 2083 pascimus
1059 2005 1125 2082 agri

368 2097 402 2150 10
450 2086 638 2166 Vicinosque
653 2088 727 2165 tibi,
748 2092 853 2146 sancte
868 2088 1013 2164 Quidue,
1033 2086 1125 2148 lares.

409 2169 472 2230 Sed
487 2190 549 2230 non
563 2171 646 2231 solns
662 2177 741 2231 amat
756 2173 808 2251 qui
821 2177 913 2231 nocte
929 2171 1041 2251 dieque
1055 2173 1235 2252 frequentat

449 2253 584 2336 LimIna,
601 2275 663 2316 nec
674 2260 775 2316 vatem
788 2253 863 2315 talia
877 2255 985 2316 damna
1000 2255 1123 2320 deceni.

408 2338 471 2397 Per
484 2338 659 2400 veneranda
673 2340 748 2400 mibi
761 2339 920 2399 Musarum
933 2359 1035 2421 sacra,
1055 2358 1114 2423 per
1130 2359 1235 2401 omnes

449 2422 519 2483 Iuro
534 2423 626 2502 deos,
649 2430 682 2485 et
694 2442 756 2483 non
772 2423 928 2485 officiosus
943 2444 1017 2486 amo.

803 2556 881 2619 LIX.

409 2657 595 2735 Consumpta
609 2663 658 2716 est
672 2675 732 2716 uno
747 2657 774 2716 si
788 2653 933 2717 lemmate
946 2656 1071 2737 pagina,
1092 2659 1206 2719 transis

448 2741 491 2800 nt
503 2740 646 2799 breviora
659 2740 733 2818 tibi,
751 2759 813 2800 non
828 2739 957 2809 meliora
970 2740 1103 2822 placent.

407 2824 499 2885 Dives
515 2830 548 2883 et
562 2842 600 2884 ex
616 2825 698 2884 omni
712 2825 813 2904 posita
827 2831 875 2884 est
888 2826 1039 2885 instructa
1053 2823 1183 2886 macello

451 2909 536 2969 Cena
551 2909 624 2988 tibi,
646 2908 702 2969 sed
718 2915 750 2969 te
764 2915 879 2969 mattea
896 2908 960 2970 sola
973 2911 1063 2970 iuvat.

385 2990 567 3072 bNon'opus
582 3000 632 3054 est
644 2993 734 3053 nobis
748 2994 874 3053 nimium
887 2992 1009 3054 lectore
1023 2992 1148 3072 guloso;

448 3079 540 3138 Ilnnc
554 3077 642 3158 volo,
663 3097 725 3139 non
742 3078 797 3139 fiat
813 3080 866 3158 qni
881 3079 949 3139 sine
962 3097 1042 3160 pane
1057 3083 1151 3141 ratur.

809 3212 873 3273 LX.

405 3311 474 3370 Iura
492 3311 585 3370 trium
598 3311 691 3392 petiit
704 3331 721 3370 a
735 3311 868 3371 caesare
884 3306 1105 3391 discipulorum

448 3395 598 3456 Assnetns
614 3413 737 3476 semper
749 3394 867 3456 Munna
882 3393 996 3455 docere
1011 3393 1096 3456 dnos.
1218 3400 1221 3405 '

798 3529 876 3592 LXI.

405 3625 464 3685 llic
481 3626 627 3686 festinata
639 3626 809 3704 requiescit
822 3627 954 3687 Erotion
968 3629 1090 3705 umbra,
1154 3684 1175 3717 ⁰

447 3710 583 3770 Crimine
600 3729 689 3790 qnam
701 3710 759 3771 fati
773 3717 859 3773 sexta
872 3712 1007 3793 peremit
1020 3711 1128 3774 biems.
