3267 4409
507 449 936 518 arroaamnaronam.
952 452 1030 518 xm.
1220 452 1284 518 ato

622 653 699 715 cxi.
719 653 901 718 Falernum.

326 769 374 830 De
389 765 586 826 Sinuesatani
600 773 754 827 venerunt
767 767 901 842 Massica
913 764 1046 848 praelis:
1152 812 1167 848 ,
1296 816 1304 829 s

327 907 338 917 .
369 850 503 914 condita
517 853 715 938 quotquaerIs
730 850 879 911 consule?
909 849 1020 914 Nullus
1033 858 1111 917 erat.

630 985 720 1046 cxli.
742 983 894 1046 Setinum.

325 1082 467 1144 Pendula
479 1083 659 1162 Pomptinos
676 1102 753 1161 quae
768 1089 890 1162 spectat
905 1083 991 1144 Setia
1006 1104 1145 1168 campos,

367 1169 485 1248 Erdgna
498 1165 619 1227 vetulos
633 1169 718 1227 misit
732 1169 769 1228 ab
784 1168 862 1228 urbe
877 1167 979 1233 cados.

599 1301 702 1363 CXIII.
724 1301 926 1363 Ebrudunum.

324 1401 411 1460 Haeo
426 1399 576 1460 Fundana
592 1399 664 1459 tulii
677 1398 755 1459 felix
768 1405 947 1459 auctumnns
962 1397 1074 1478 opimi.
1143 1382 1146 1387 Δ

367 1485 530 1566 Expressit
543 1494 675 1544 mustum
689 1482 798 1544 consul
811 1490 845 1543 et
858 1484 926 1563 ipse
938 1483 1026 1548 bibit.

595 1617 703 1682 cxlv.
730 1617 929 1695 Trt'folt‘num.

325 1713 394 1776 Non
409 1735 474 1774 sum
490 1713 529 1774 de
543 1716 662 1794 primo,
683 1716 801 1794 fateor,
823 1713 962 1775 trifoIIna
975 1711 1096 1795 Lyaeo,

366 1800 451 1860 Inter
466 1801 535 1860 vina
549 1806 652 1859 tamen
666 1801 796 1880 reptima
811 1799 883 1859 ritis
897 1801 965 1864 erog

610 1933 702 1996 CXV.
729 1933 912 1994 Caecubum.

326 2031 468 2093 Caecuba
480 2029 638 2091 Fundanis
654 2049 804 2109 generosa
820 2037 969 2091 cocuntur
982 2030 1133 2111 Amyclis,

368 2117 450 2179 Vitis
465 2121 498 2177 et
511 2117 545 2175 in
558 2114 660 2175 media
675 2122 746 2175 nata
758 2114 871 2196 palude
886 2115 975 2175 viret.

607 2248 714 2312 cxvi.
734 2247 910 2330 Signinum.

323 2348 450 2409 Potabis
462 2345 614 2425 qunidnm
629 2348 754 2426 Signiae
768 2348 919 2407 morantia
932 2352 1081 2408 ventrem.

365 2433 411 2493 Ne
427 2433 555 2492 nimium
569 2433 696 2511 sistant,
718 2433 760 2492 sit
774 2431 832 2495 tibi
848 2444 941 2513 parca
955 2432 1033 2492 sitis.

576 2566 696 2629 oxvss.
719 2567 951 2630 Mamertt‘num.

325 2665 483 2744 Amphora
497 2648 650 2724 Nestorea
665 2667 723 2725 tibi
738 2665 925 2726 Mamertina
942 2669 1068 2724 senecta

367 2750 401 2810 Si
417 2747 525 2826 detur,
546 2748 673 2826 quodvis
688 2769 800 2810 nomen
814 2750 936 2809 habere·
944 2753 1058 2828 potest.

558 2882 690 2945 CXVIII.
720 2882 964 2944 Tarraconense.

327 2981 482 3060 Tarraco,
505 2981 660 3059 Campano
675 2986 793 3039 tantum
808 2998 933 3040 cessura
948 2979 1069 3059 Lyaeo,

366 3064 453 3126 Haec
468 3065 576 3145 genuit
591 3064 702 3124 Tuscis
716 3062 836 3123 aemula
848 3063 918 3123 riaa
933 3063 1027 3127 cadis.

581 3198 687 3259 CXIX.
704 3193 951 3260 Nomentanum.

324 3296 517 3357 Nomentana
531 3315 633 3356 meam
646 3296 705 3357 tibi
722 3293 775 3354 dat
788 3292 941 3353 vindemia
955 3292 1123 3354 Bacchum:

367 3381 402 3442 si
416 3387 449 3441 te
464 3381 596 3457 QnIntns
614 3386 709 3458 amat,
731 3377 939 3439 commodiora
951 3377 1050 3441 bibes.

485 3509 489 3515 ’
604 3514 696 3576 CXX,
718 3512 925 3595 Spolett'num.

324 3613 371 3674 De
387 3609 558 3692 Spoletmis
576 3631 654 3692 quae
670 3619 741 3673 sant
756 3612 873 3672 cariosa
887 3609 1007 3690 lagonis

366 3694 535 3778 Malueris,
558 3698 687 3775 quamsi
705 3702 804 3757 musta
815 3694 949 3757 Falerna
961 3695 1057 3756 bibra
