3267 4409
326 487 387 551 198
648 482 1043 548 hatthanaricus
1103 499 1106 503 ·

449 653 534 764 Ave,
549 689 591 748 mi
605 687 736 765 Torani,
750 687 850 747 irater
865 686 1030 749 carissime.
1055 687 1269 768 Epigramma,
1284 710 1299 770 q

367 778 454 832 extra
468 773 607 833 ordinem
622 774 799 851 paginarum
820 777 885 850 est,
906 771 944 831 ad
960 772 1143 833 Stertinium
1162 771 1299 835 clarissim

366 858 464 916 virum
484 857 678 937 scripsimus,
706 858 758 936 qni
780 857 944 935 imaginem
958 874 1057 916 meam
1070 875 1190 938 ponere
1205 858 1239 918 in
1253 858 1299 919 bii

365 942 457 1001 theca
479 962 533 1002 sna
559 940 664 1002 voluit.
711 941 758 1001 lle
788 961 847 1021 quo
872 940 1069 1001 scribendum
1090 942 1150 1017 tibi
1173 943 1297 1022 putavi,

343 1026 543 1105 5ignorares,
571 1026 679 1087 Avitus
698 1027 759 1086 iste
774 1026 843 1105 quis
856 1029 1029 1091 vocaretur.
1069 1023 1151 1088 Vale
1171 1033 1206 1087 et
1219 1047 1296 1111 para

366 1110 499 1190 spitium.

407 1308 486 1368 Dum
499 1308 588 1368 lanus
601 1307 735 1385 hiemes,
758 1307 950 1366 Domitianus
964 1313 1162 1386 auctumuos,

407 1393 562 1471 Augustus
576 1393 663 1451 annis
678 1390 882 1464 commodabit
897 1397 1048 1466 aestates3

407 1476 485 1536 Dum
501 1475 617 1555 grande
631 1475 737 1536 famuli
752 1494 866 1535 nomen
880 1483 1000 1536 asseret
1013 1475 1115 1536 Rheni

407 1560 656 1621 Germanicarum
670 1580 778 1639 magna
790 1559 842 1619 lux
855 1558 1078 1635 Kalendarum

386 1644 546 1725 aTarpeia
559 1645 668 1705 summi
683 1664 752 1704 saxa
767 1644 839 1704 dum
852 1646 950 1724 patris
964 1645 1107 1722 stabunt,

314 1748 317 1757 ·
410 1730 486 1789 llum
500 1748 576 1790 voce
590 1729 719 1809 supplex
733 1729 867 1807 dumque
883 1735 953 1788 ture
967 1727 1104 1809 placabit

407 1813 552 1874 Matrona
570 1813 657 1874 divae
673 1812 765 1873 dulce
779 1812 876 1873 iuliae
889 1831 1019 1874 numen:

406 1899 548 1959 Manebit
561 1897 654 1958 altum
668 1897 794 1959 Flaviae
809 1897 904 1957 decus
919 1899 1021 1977 gentis

283 1977 292 1987 “
408 1983 483 2043 Oum
499 1981 565 2044 sole
579 1989 612 2044 et
626 1986 717 2044 astris
731 2001 861 2061 cumque
872 1983 943 2043 luce
957 1983 1101 2044 Romana.

365 2067 520 2129 lolnvicta
535 2068 685 2148 quidquid
702 2067 842 2129 condidit
860 2086 981 2146 manus,
1003 2065 1082 2128 caeli
1096 2071 1154 2128 est.

821 2202 857 2264 ll.

405 2317 528 2396 Pauper
542 2317 693 2377 amicitiae
708 2336 776 2377 cum
790 2319 850 2396 sis,
871 2317 974 2397 Lupe,
994 2335 1056 2376 non
1072 2334 1106 2376 es
1120 2317 1252 2395 amicae,

447 2402 489 2461 Et
504 2403 644 2480 queritur
659 2401 699 2460 de
715 2407 748 2461 te
762 2401 899 2461 mentula
915 2402 980 2462 sola
993 2398 1082 2461 nihil.

405 2483 459 2544 llla
474 2486 623 2564 siligineis
638 2486 813 2565 pinguescit
829 2484 968 2546 adultera
983 2485 1107 2564 cannis,

421 2582 424 2590 ’
448 2569 609 2629 Convivam
625 2571 725 2649 pascit
738 2570 826 2647 nigra
840 2570 939 2630 farina
951 2576 1047 2632 tuum.

381 2652 568 2713 blncensura
582 2655 668 2713 nives
680 2651 821 2713 dominae
837 2653 942 2714 Setina
956 2654 1130 2733 liquantur,

446 2738 513 2798 Nos
529 2738 659 2798 bibimus
678 2739 769 2798 Corsi
782 2736 867 2818 pulla
880 2756 999 2799 venena
1014 2735 1091 2799 cadi.

404 2822 516 2902 Empta
527 2823 585 2882 tibi
599 2842 659 2882 nor
674 2828 722 2882 est
736 2819 841 2882 fundis
855 2840 917 2882 non
934 2827 999 2882 tota
1014 2822 1179 2903 paternis,
1198 2868 1205 2877 ,
1254 2878 1258 2887 .

445 2907 536 2966 Haud
550 2925 604 2967 sna
620 2905 762 2966 desertus
777 2927 850 2966 rura
864 2905 979 2967 sodalis
994 2911 1081 2968 arat..
1227 2904 1233 2910 ’

405 2989 556 3072 Splendet
568 2992 752 3070 Erythraeis
764 2991 927 3072 perlucida
942 2992 1070 3051 moecha
1082 2987 1220 3072 lapillis,
1252 2984 1254 2989 ’

363 3086 397 3137 10
446 3076 576 3136 Ducitur
591 3076 749 3155 addictus,
770 3083 802 3136 te
816 3077 977 3155 intuente,
998 3073 1105 3134 cliens.
1210 3101 1215 3110 =

404 3161 482 3222 Octo
498 3161 585 3241 Syris
598 3160 723 3222 suffulta
735 3161 825 3222 datur
839 3161 951 3222 lectica
966 3158 1106 3241 puellae,

444 3244 565 3306 Nudum
580 3244 755 3326 sandapilae
769 3245 889 3325 pondus
905 3247 1018 3306 amiens
1033 3245 1104 3304 crit.

402 3329 416 3388 1
430 3349 510 3390 nunc
525 3335 558 3390 et
571 3332 717 3408 miseros,
740 3329 876 3410 Cybele,
897 3328 1044 3410 praecide
1061 3325 1224 3389 cinaedos:

446 3414 532 3475 Haec
548 3421 633 3494 erat,
653 3415 732 3474 haec
746 3413 857 3474 cultrts
871 3411 1009 3474 mentula
1024 3412 1115 3492 digna
1128 3415 1200 3474 tuis.

818 3548 867 3609 lll.

404 3660 556 3737 Quantum
570 3663 631 3722 iam
645 3662 783 3742 superis,
805 3662 936 3738 Caesar,
959 3661 1107 3742 caeloque
1123 3662 1238 3723 dedisti

444 3744 479 3805 Si
493 3750 617 3828 repetas
632 3752 665 3807 et
679 3748 706 3807 si
720 3744 859 3806 creditor
877 3764 946 3806 esse
960 3745 1054 3826 velis,
