3267 4409
646 463 692 526 ιιι.
706 461 799 527 vau.
813 420 1047 526 maanus.
1171 449 1176 455 ’
1284 441 1288 449 “

420 714 439 730 f
797 665 902 729 LVlll.

412 779 446 840 ln
463 779 603 838 tenebris
616 776 706 858 luges
724 779 883 857 amissum,
904 743 1009 857 Galla,
1030 780 1183 843 maritum.

454 863 516 922 lam
529 861 656 943 plorare
670 860 769 944 pudet
782 870 831 941 te,
849 868 942 942 puto,
965 860 1053 924 Galla
1065 865 1175 928 virum

812 995 890 1056 LlX.

412 1107 574 1169 Flentibus
586 1104 752 1167 Heliadum
765 1107 859 1166 ramis
875 1104 946 1166 dum
960 1106 1068 1186 vipera
1085 1106 1187 1189 repit,

454 1193 558 1253 Fluxit
574 1192 606 1250 in
623 1191 796 1249 obstantem
810 1191 916 1249 sucina
930 1197 1016 1268 gutta
1028 1190 1137 1254 feram

417 1277 502 1353 Quae
517 1275 588 1334 dnm
603 1275 731 1332 miratur
747 1275 855 1353 pingui
869 1292 903 1333 se
918 1292 991 1333 rore
1004 1275 1128 1353 teneri,

457 1360 612 1419 Concreto
628 1357 723 1433 riguit
737 1359 839 1416 vincta
853 1363 985 1436 repente
1001 1356 1082 1436 gelu.

392 1441 463 1505 bNe
478 1442 537 1500 tibi
551 1439 648 1518 regali
663 1439 804 1519 placeas,
827 1440 1010 1521 Cleopatra,
1029 1437 1192 1522 sepulcro,

455 1526 572 1605 Vipera
586 1527 613 1585 si
628 1522 744 1584 tumulo
758 1522 913 1585 nobiliore
927 1526 1018 1587 iacet.
1122 1592 1126 1599 ,

817 1656 882 1721 LX.

414 1769 519 1832 Ardea
534 1766 668 1830 solstitio
682 1770 892 1848 Castranaque
910 1789 984 1830 rura
996 1775 1144 1851 petantur

458 1856 578 1931 Quique
595 1852 751 1912 Cleonaeo
766 1852 870 1912 sidere
883 1853 985 1913 fervet
999 1872 1089 1932 ager,

416 1941 493 2002 Cum
509 1939 688 1999 Tiburtinas
703 1936 829 1996 damnet
842 1937 998 1996 Curiatius
1012 1956 1102 2021 auras
1223 2010 1231 2022 ἢ

458 2026 542 2085 luter
559 2021 699 2082 laudatas
716 2020 754 2080 ad
769 2021 864 2099 Styga
878 2021 1107 2100 missus'aqnas.
1138 2078 1141 2087 ,
1189 2030 1194 2035 ’

392 2106 507 2171 5anlo
521 2107 586 2166 fata
598 2106 669 2166 loco
683 2106 783 2186 possis
798 2101 981 2163 excludere:
1005 2124 1073 2164 curn
1087 2123 1173 2167 mors

307 2179 313 2189 “
458 2192 606 2270 Venerit,
627 2192 661 2250 in
674 2188 777 2250 medio
793 2188 912 2248 Tibure
928 2186 1070 2248 Sardinia
1083 2194 1141 2251 est.
1256 2208 1262 2217 ·

814 2341 892 2401 LXI.
949 2390 952 2395 .

416 2455 554 2514 Donasse
571 2454 698 2513 amicum
713 2453 770 2512 tibi
786 2451 935 2530 ducenta,
956 2452 1119 2533 Manciae,

415 2537 523 2617 Nuper
537 2538 670 2616 superbo
683 2534 784 2597 lactus
800 2554 855 2596 ore
869 2536 1000 2598 iactasti.

417 2622 550 2697 Quartus
564 2620 631 2680 dies
646 2627 712 2698 est,
733 2621 766 2679 in
781 2618 887 2680 schola
900 2624 1062 2699 poetarum

416 2705 495 2764 Dum
509 2703 695 2783 fabulamur,
718 2703 841 2764 milibus
856 2703 963 2763 decem
980 2701 1058 2763 dixti

396 2788 545 2866 5Emptas
557 2788 698 2848 lacernas
713 2807 821 2847 munus
838 2806 907 2846 esse
921 2786 1116 2867 Pompullae,

312 2927 318 2940 ,
418 2870 616 2951 Sardonycha
629 2890 734 2931 verum
748 2870 987 2950 lychnidcmque
1003 2873 1124 2931 ceriten

372 2980 378 2989 ⁴
415 2955 560 3034 Duasque
574 2954 690 3015 similes
702 2957 847 3015 fluctibus
861 2957 953 3015 maris
970 2973 1103 3035 gemmas

416 3038 548 3100 Dedisse
562 3040 685 3098 Bassam
700 3039 897 3119 Caeliamque
910 3041 1028 3100 iurasti.

416 3125 503 3183 Here
519 3124 558 3184 de
574 3125 714 3201 theatro,
736 3123 866 3183 Polione
882 3129 1041 3203 cantante,
1150 3160 1157 3176 ι
1217 3146 1222 3155 ·

250 3252 252 3259 -
376 3209 494 3269 10Cnm
509 3209 610 3267 subito
625 3209 743 3285 abires,
766 3207 837 3267 dum
852 3208 950 3285 iugis,
970 3206 1166 3285 loquebaris,

375 3343 378 3351 .
419 3291 613 3352 Hereditatis
624 3293 682 3352 tibi
695 3298 837 3352 trecenta
850 3291 990 3369 venisse,

417 3374 460 3434 Et
473 3394 562 3434 mane
578 3381 716 3452 centum,
737 3380 809 3454 post
822 3372 984 3433 meridiem
1001 3380 1133 3436 centurn.

419 3457 501 3532 Quid
514 3438 572 3517 tbi
585 3457 707 3517 sodales
721 3459 851 3517 fecimus
865 3454 936 3516 mali
950 3458 1089 3518 tantum?
1140 3462 1146 3466 '

418 3539 574 3601 Miserere
588 3543 647 3600 iam
662 3539 796 3601 crudelis
813 3548 845 3601 et
858 3540 915 3600 sile
929 3540 1064 3601 tandem.

311 3634 313 3639 '
379 3625 497 3700 renat,
518 3624 545 3682 si
560 3630 663 3685 tacere
677 3624 783 3703 lingua
796 3644 858 3684 non
873 3632 977 3704 potest
991 3627 1065 3703 ista,

420 3705 593 3788 Aliquando
608 3727 716 3789 narra,
736 3707 818 3789 quod
831 3707 960 3770 velimus
977 3709 1094 3775 audire.
1158 3756 1163 3761 .

783 4022 877 4088 ’.ι
