3267 4409
368 465 409 527 62
697 474 733 522 o.
756 474 828 524 1un.
852 475 1039 526 ruvunnms

367 614 518 678 Pascendi.
553 613 628 688 Quid
651 631 734 692 agam
757 613 858 676 bruma
879 609 1032 693 spirantel.
1051 615 1132 693 quid,
1157 627 1222 690 oro,

368 700 444 773 Quid
466 700 559 759 dicam
584 699 713 777 scapulis
735 716 891 777 puerorum
914 699 1049 777 aquilone
1071 698 1229 759 Decembri

367 783 405 843 Et
427 781 571 862 pedibus?
592 783 693 843 durate
716 792 802 861 atque
824 791 995 858 exspectate
1018 781 1155 843 cicadas?

367 868 492 943 Verum,
517 877 547 927 ut
568 866 748 942 dissimules,
774 874 804 924 ut
825 867 920 924 mittas
943 875 1057 942 cetera,
1082 877 1187 944 quanto
1316 877 1351 932 70

368 952 478 1012 ldetiris
501 953 611 1031 pretio,
634 950 727 1028 quod,
749 950 777 1009 ni
799 949 851 1008 tibi
872 948 985 1008 deditus
1009 967 1104 1009 essem

368 1035 558 1113 Devotusque
581 1034 689 1109 cliens,
713 1040 856 1092 uxortua
877 1034 960 1109 virgo
984 1031 1134 1094 maneret?

369 1121 436 1180 Scis
458 1128 555 1194 certe,
583 1117 686 1194 quibus
709 1116 764 1177 ista
785 1115 894 1190 modis,
918 1133 1000 1193 quam
1024 1134 1114 1195 saepe
1138 1120 1252 1196 rogaris

369 1202 407 1263 Et
428 1221 503 1283 quae
526 1202 683 1281 pollicitus.
718 1199 895 1283 Fugientem·
910 1216 999 1278 saepe
1022 1201 1147 1278 puellam

370 1287 515 1365 Amplexu
538 1285 635 1363 rapui;
657 1284 770 1344 tabulas
791 1300 907 1362 quoque
929 1293 1049 1362 ruperat
1072 1294 1100 1344 et
1122 1288 1177 1346 iam
1317 1299 1351 1353 75

371 1371 523 1448 Signabat:
552 1379 612 1429 tota
636 1368 685 1428 vix
709 1367 767 1429 hoc
789 1383 847 1444 ego
873 1377 959 1427 noote
982 1368 1102 1444 redemi,
1216 1424 1218 1428 ,
1279 1412 1282 1418 .

259 1525 261 1530 ,
370 1453 412 1514 Te
441 1454 573 1533 plorante
596 1452 682 1512 ioris:
723 1452 806 1511 testis
828 1449 896 1510 mihi
921 1451 1045 1510 lectulus
1067 1462 1097 1512 et
1118 1463 1158 1529 tu,

368 1537 415 1597 Ad
439 1555 523 1614 quem
549 1536 681 1614 pervenit
702 1533 771 1595 lecti
795 1551 883 1593 sonus
906 1543 935 1594 et
957 1536 1089 1596 dominae
1110 1555 1178 1596 vox.

369 1619 507 1679 instabile
530 1636 565 1678 ac
587 1619 679 1678 dirimi
700 1627 835 1696 coeptum
860 1627 889 1678 et
910 1619 966 1679 iam
990 1638 1084 1697 paene
1107 1621 1229 1681 solutum

370 1702 540 1779 Coniugium
562 1704 590 1760 in
612 1701 707 1761 multis
730 1701 862 1762 domibus
884 1705 1010 1762 servavit
1032 1704 1153 1764 adulter.
1317 1716 1354 1769 80

370 1785 435 1859 Quo
457 1795 486 1847 te
510 1781 711 1862 circumagasi
734 1803 807 1864 quae
831 1787 921 1864 prima
942 1796 990 1847 aut
1010 1788 1108 1847 ultima
1129 1787 1242 1866 ponas?

369 1869 484 1930 Nullum
508 1887 580 1948 ergo
605 1871 737 1929 meritum
760 1877 823 1946 est,
848 1871 959 1946 ingrate
984 1889 1019 1931 ae
1039 1871 1168 1949 perfide,
1190 1873 1309 1949 nullum,

371 1954 457 2029 Quod
478 1953 530 2015 tihi
552 1953 664 2015 liliolus'
680 1953 730 2015 vel
751 1953 809 2014 filia
834 1949 970 2014 nascitur
983 1973 1020 2014 ex
1041 1951 1109 2015 me?

371 2039 465 2099 Tollis
491 2039 566 2099 enim
588 2047 618 2098 et
638 2036 720 2097 libris
744 2047 874 2098 aetorum
895 2057 1037 2117 spargere
1060 2038 1170 2117 gaudes
1194 2039 1197 2043 ⁴

370 2124 549 2201 Argumenta
568 2122 631 2181 viri.
662 2119 787 2181 For-ibus
812 2124 964 2200 suspende.
981 2139 1116 2199 coronas,
1318 2133 1354 2187 85

370 2207 430 2267 lam
453 2216 535 2286 pater
559 2224 606 2266 es:
630 2205 776 2281 dedimus,
801 2207 879 2283 qood
902 2206 994 2268 lamae
1017 2224 1169 2286 opponere
1187 2208 1299 2285 possis;

371 2291 435 2351 lura
458 2291 585 2369 parentis
606 2288 714 2365 hahes,
737 2300 861 2368 propter
882 2309 927 2349 me
953 2291 1091 2369 scriberis
1114 2291 1228 2365 heres,

371 2374 510 2452 Legatum
531 2391 614 2434 omne
634 2375 731 2452 capis,
752 2392 808 2433 uec
829 2393 887 2434 non
910 2383 939 2433 et
962 2375 1046 2435 dulce
1070 2375 1217 2435 caducum.

373 2457 530 2518 Commoda
554 2466 708 2537 praeterea
730 2458 883 2535 iungentur
904 2457 991 2518 multa
1013 2460 1140 2533 caducis,

371 2543 402 2602 Si
424 2560 586 2617 numerum,
609 2542 634 2600 si
654 2550 715 2602 tres
738 2541 933 2620 implevero.“
972 2541 1048 2601 lusta
1070 2541 1191 2614 doloris,
1319 2551 1354 2604 90

371 2623 519 2700 Naevole,
544 2643 631 2685 causa
654 2627 707 2692 tui:
736 2635 836 2686 contra
858 2634 952 2684 tamen
966 2624 1025 2684 'ille
1047 2622 1115 2702 quid
1135 2620 1238 2684 affert?

415 2707 578 2786 „Neglegit
592 2719 678 2788 atque
700 2709 785 2770 alium
808 2708 943 2786 bipedem
966 2709 1020 2768 sibi
1043 2709 1155 2788 quaerit
1178 2706 1309 2768 asellum.

372 2791 453 2853 llaec
478 2793 534 2853 soli
559 2795 711 2857 commissa
733 2794 785 2852 tibi
807 2793 906 2852 celare
930 2802 1083 2869 memento,

373 2877 411 2938 Et
432 2876 536 2938 tacitus
558 2886 672 2937 nostras
694 2878 766 2937 iutra
788 2886 817 2937 te
840 2878 898 2955 fige
921 2877 1081 2955 querellas:

373 2960 446 3021 Nam
467 2979 516 3021 res
537 2961 685 3021 mortifera
711 2970 756 3021 est
783 2962 918 3022 inimicus
934 2965 1047 3041 pumice
1071 2961 1154 3021 levis.
1321 2971 1355 3024 95

374 3044 430 3119 Qui
452 3045 539 3106 modo
561 3054 704 3105 secretum
728 3048 926 3122 commiserat,
949 3048 1031 3106 ardet
1051 3055 1079 3105 el
1102 3045 1171 3120 odit,

374 3129 529 3209 Tamquam
550 3129 742 3207 prodiderim,
767 3131 906 3208 quidquid
927 3132 1000 3189 scio.
1038 3131 1158 3191 Sumere
1181 3128 1298 3205 ferrum,

373 3211 462 3273 Fuste
487 3215 603 3290 aperire
626 3222 726 3291 caput,
753 3213 902 3274 candelam
927 3230 1076 3292 apponere
1100 3213 1193 3273 valvis

360 3295 440 3356 .Nou
462 3296 585 3365 dubitat;
612 3315 669 3357 nec
692 3306 858 3356 contemnas
881 3307 928 3356 aut
949 3297 1113 3375 despicias,
1142 3296 1219 3374 quod

374 3380 426 3440 His
446 3380 550 3459 opibus
572 3399 724 3460 numquam
750 3398 817 3440 cara
838 3389 883 3439 est
904 3397 1016 3441 annona
1037 3383 1152 3442 veneni.
1308 3391 1358 3442 100

374 3463 456 3541 Ergo
479 3464 594 3525 occulta
616 3474 717 3541 teges,
740 3473 769 3523 ut
791 3465 869 3524 curia
888 3463 987 3524 Martis
1009 3463 1165 3524 Athenis.“

376 3547 400 3606 0
423 3546 577 3624 Corydon,
605 3546 758 3624 Corydon,
783 3556 928 3607 secretum
952 3549 1047 3609 divitis
1071 3548 1158 3609 ullum

291 3695 306 3711 ἦ
375 3630 451 3693 Esse
474 3630 582 3710 putas?
610 3636 687 3693 servi
709 3642 740 3692 ut
761 3640 894 3708 taceant,
922 3633 1045 3693 iumenta
1068 3633 1231 3709 loquentur,

374 3714 412 3776 Et
435 3716 514 3776 canis
534 3725 564 3776 et
585 3727 686 3797 postes
708 3727 738 3778 et
759 3733 910 3777 marmora.
945 3714 1055 3777 Claude
1077 3715 1231 3791 fenestras,
