3267 4409
362 481 401 543 10
647 462 659 481 ‘
686 492 723 539 n.
745 491 817 539 unu.
839 489 1025 538 nunnunms

360 634 398 694 llt
418 640 533 693 contum
554 638 583 691 et
605 630 706 707 Stygio
728 647 814 691 ranas
837 630 865 689 in
884 629 1001 705 gurgite
1020 629 1128 706 nigras,
1300 644 1353 695 150

361 717 457 796 Atque
483 735 537 776 uua
551 716 680 775 transire
702 715 806 774 vadum
827 723 871 773 tot
891 713 970 773 milia
999 713 1112 788 cymba,

360 801 424 861 Nec
443 802 525 879 pueri
550 798 680 874 credunt,
701 799 755 858 uisi
777 799 826 876 qui
843 797 968 858 nondum
990 815 1059 857 aere
1081 798 1223 857 lavantur.

361 885 421 945 Sed
442 894 472 944 tu
489 902 560 943 vera
581 892 664 961 puta:
688 879 791 941 Curius
814 882 882 961 quid
906 882 992 940 sentit
1015 890 1045 941 et
1059 881 1143 941 ambo

360 969 531 1046 Scipiadae,
557 967 624 1045 quid
646 964 795 1026 Fabricius
816 983 974 1042 manesque
997 963 1122 1041 Camilli,

361 1052 435 1125 Quid
458 1048 615 1110 Cremerae
636 1050 716 1126 legio
738 1058 767 1108 et
789 1047 896 1109 Caunis
916 1059 1085 1131 cousumpta
1104 1050 1250 1127 iuventus,
1303 1064 1353 1117 155

361 1136 416 1195 Tot
438 1134 580 1194 bellorum
606 1136 735 1208 animae,
759 1135 876 1211 quoties
900 1132 967 1192 hinc
988 1132 1053 1193 talis
1075 1134 1112 1193 ad
1133 1133 1203 1193 illos

359 1219 467 1280 Umbra
485 1215 583 1278 venit?
607 1225 747 1295 cuperent
765 1217 895 1291 lustrari,
918 1218 943 1275 si
962 1234 1017 1294 qua
1031 1217 1169 1277 darentur

361 1303 475 1365 sulfura
498 1320 561 1361 cum
588 1301 696 1376 taedis,
732 1308 763 1359 et
796 1302 820 1359 si
840 1299 917 1359 foret
937 1299 1051 1361 humida
1069 1301 1176 1361 laurus.

360 1387 450 1462 Illuc,
472 1384 546 1461 heu,
569 1385 667 1444 miseri
690 1383 881 1445 traducimurl·
899 1383 987 1444 Arma
1012 1385 1126 1463 quidem
1149 1385 1225 1447 ultra

359 1470 456 1531 Litora
478 1469 621 1530 lubernae
642 1470 840 1547 promovimus
861 1477 891 1527 et
912 1469 998 1528 modo
1022 1478 1123 1547 captas
1305 1484 1354 1539 tao

362 1550 493 1613 Orcadas
514 1571 549 1612 ac
569 1554 681 1613 minima
705 1562 857 1612 contentos
880 1563 966 1612 nocte
989 1552 1156 1629 Britannos3

362 1637 421 1697 Sed
441 1655 515 1714 quae
538 1655 612 1696 nunc
634 1637 734 1715 populi
754 1637 823 1697 liunt
844 1637 964 1695 victoris
985 1636 1119 1711 inorbo,

360 1719 427 1781 Non
448 1720 554 1780 faciunt
575 1721 633 1795 illi,
657 1738 730 1797 quos
748 1721 880 1791 vicimus.
925 1719 963 1780 Et
982 1729 1079 1779 tamen
1100 1738 1172 1780 unus

362 1805 517 1864 Armenius
539 1803 663 1864 Zalaces
687 1805 797 1863 cunctis
818 1812 950 1863 narratur
968 1804 1092 1883 ephebis

361 1887 479 1949 Mollior
499 1889 611 1948 ardenti
632 1905 700 1947 sese
723 1887 879 1947 indulsisse
900 1889 1024 1949 tribuno.
1306 1900 1353 1955 165

360 1971 491 2051 Aspice,
513 1973 579 2051 quid
602 1972 708 2033 iaciant
731 1972 921 2032 commercia!
943 1980 1066 2033 venerat
1086 1971 1192 2047 obses;

360 2058 415 2117 llic
434 2057 503 2116 liunt
524 2057 665 2117 homines.
709 2055 782 2116 Nam
805 2057 831 2115 si
851 2074 932 2116 mora
953 2056 1069 2134 longior
1090 2056 1192 2117 urbem
1234 2112 1239 2117 .

360 2139 481 2201 Indulsit
502 2143 618 2219 pueris,
639 2157 698 2200 non
720 2159 853 2219 umquam
876 2141 971 2201 deerit
993 2150 1119 2215 amator;

360 2222 507 2284 Mittantur
526 2224 668 2300 braccae,
693 2225 823 2301 cultelli,
845 2224 946 2299 frena,
965 2223 1127 2302 flagellum:

362 2307 412 2368 Sic
434 2317 635 2388 praetextatos
656 2309 787 2370 referunt
807 2308 948 2369 Artaxata
965 2326 1074 2369 mores.

768 2516 952 2537 .-.-..,..

692 2672 1020 2741 SATIRAHI.

364 2773 507 2877 Quamvis
526 2807 659 2885 digressu
680 2811 789 2870 veteris
812 2812 950 2873 confusus
972 2812 1066 2889 amici,

360 2888 458 2950 Laudo
480 2900 591 2970 tamen,
613 2895 713 2954 vacuis
733 2897 811 2973 quod
834 2896 935 2957 sedem
954 2896 1048 2973 ligere
1071 2894 1169 2958 Gumis

360 2971 495 3035 Destinet
516 2985 603 3054 atque
624 2996 708 3039 unum
733 2981 826 3040 civem
848 2979 956 3041 donare
978 2979 1121 3056 Sibyllae.
1160 3001 1166 3009 ·

358 3055 446 3118 lanua
471 3058 604 3120 Baiarum
623 3070 667 3121 est
689 3072 718 3123 et
737 3072 850 3140 gratum
871 3063 938 3124 litus
959 3066 1073 3125 amoeni

359 3141 521 3213 Secessus3
545 3162 601 3221 ego
623 3145 673 3206 vel
696 3146 868 3222 Prochytam
889 3164 1040 3226 praepono
1062 3148 1210 3211 Suburae.
1337 3162 1353 3217 t

358 3222 431 3285 Nam
454 3227 522 3305 quid
543 3237 600 3288 tam
621 3231 774 3307 miserum,
796 3240 854 3291 tam
876 3232 970 3293 solum
988 3234 1128 3310 vidimus,
1152 3243 1265 3297 utnon

358 3307 496 3370 Deterius
518 3313 622 3372 eredas
645 3313 767 3374 horrere
790 3316 939 3392 incendia,
961 3316 1061 3395 lapsus

359 3393 516 3454 Teutonum
539 3397 672 3456 assiduos
694 3415 729 3457 ac
751 3399 830 3459 mille
853 3400 986 3477 pericula
1008 3418 1118 3461 saevae

358 3474 446 3536 Urbis
469 3487 498 3537 et
520 3478 653 3556 Augusto
674 3482 832 3541 recitantes
853 3501 954 3543 meuse
977 3482 1103 3563 poetas‘l

275 3572 278 3579 ·
359 3559 419 3618 Sed
437 3560 503 3621 dum
521 3570 581 3622 tota
604 3563 705 3623 domus
726 3565 798 3625 reda
821 3568 1003 3644 componitur
1023 3585 1092 3645 una,
1320 3580 1351 3637 1⁰

359 3641 491 3703 Substitit
514 3644 549 3704 ad
568 3655 686 3707 veteres
709 3667 794 3708 arcus
816 3651 1016 3729 madidamque
1040 3650 1202 3732 Capenam.
1347 3656 1353 3665 ’

356 3723 428 3804 llic,
451 3726 500 3787 ubi
518 3737 675 3791 nocturnae
697 3731 789 3794 Numa
812 3734 1005 3796 constituebat
1026 3737 1152 3817 amicae,
