3267 4409
647 458 692 521 AL
707 459 800 524 VAL.
814 458 1041 520 MARTIALIS

389 611 527 673 5Tutior
538 611 573 670 iu
586 608 654 671 sola
666 629 729 670 nou
743 617 792 670 est
805 631 874 670 cum
888 612 987 671 currit
998 613 1133 691 harena,
1216 602 1221 609 ⁶
1236 606 1240 611 ’

452 697 518 758 Nec
533 713 624 755 eavea
636 701 723 754 tauta
738 694 882 755 conditur
895 695 953 755 ille
967 695 1039 757 fide.

351 834 359 846 .
411 781 445 841 Si
458 782 557 842 vitare
574 798 682 838 cauum
696 799 835 857 morsus,
855 777 947 860 lepus
958 781 1116 860 improbe,
1138 783 1263 860 quaeris

452 864 503 939 Ad
517 881 595 943 quae
609 862 768 942 confugias
782 882 838 923 ora
853 861 955 924 leonis
966 866 1073 926 habes.

791 997 911 1060 xum.

412 1113 469 1174 Vir
485 1111 652 1178 Celtiberis
668 1132 732 1173 non
744 1111 877 1174 tacende
891 1114 1034 1192 gentibus

451 1197 645 1276 Nostraeque
658 1194 724 1257 laus
738 1198 923 1277 Hispaniae,

412 1280 542 1343 Videbis
556 1279 668 1359 altam,
688 1280 868 1359 Liciniaue,
888 1279 1033 1359 Bilbilin,

452 1365 549 1444 Equis
567 1371 601 1426 et
617 1366 709 1425 armis
723 1363 878 1444 nobilem,

285 1490 289 1497 -
389 1449 587 1528 osenemque
601 1449 711 1510 Guium
725 1451 861 1528 nivibus,
880 1449 1018 1510 effractis
1032 1467 1152 1509 sacrum

453 1530 687 1594 Vadaver'onem
699 1534 871 1612 montibus,

410 1615 453 1676 Et
469 1614 595 1677 delicati
612 1614 702 1676 dulce
717 1616 847 1677 Boterdi
860 1635 984 1696 nemus,

454 1699 590 1760 Pomona
605 1699 685 1779 quod
700 1699 776 1760 felix
789 1707 879 1764 amat.

413 1782 529 1863 Tepidi
541 1785 661 1844 nambis
673 1782 748 1843 lene
763 1782 904 1862 Congedi
918 1782 1026 1844 vadum

371 1877 405 1928 10
451 1867 628 1947 Mollesque
641 1868 850 1948 Nympharum
864 1867 966 1946 lacus,

412 1951 529 2027 Quibus
542 1953 704 2013 remissum
718 1971 829 2032 corpus
845 1953 997 2031 astringas
1012 1951 1100 2011 brevi

437 2095 439 2100 ,
454 2033 585 2114 Salone,
606 2037 660 2114 qui
672 2036 791 2096 ferrum
805 2034 898 2114 gelat.

411 2118 586 2181 Praestabit
598 2118 665 2180 illic
680 2121 747 2200 ipsa
759 2119 897 2199 figendas
911 2137 1009 2200 prope

454 2203 597 2265 Voberca
610 2203 775 2284 prandenti
791 2205 884 2268 ieras.

372 2287 524 2347 15Aestus
537 2305 667 2348 serenos
684 2306 777 2347 aureo
791 2288 918 2366 franges
934 2285 1020 2365 Tago

455 2369 611 2430 Obscurus
624 2371 741 2431 umbris
755 2373 917 2446 arborum;

412 2452 540 2514 Avidam
553 2471 665 2514 recens
679 2454 843 2513 Derccnua
858 2452 994 2535 placabit
1007 2455 1090 2515 sitim

453 2537 495 2598 Et
509 2537 628 2615 Nutha,
650 2555 728 2616 quae
742 2538 837 2597 vincit
850 2539 945 2600 nives.

412 2622 454 2680 At
468 2640 536 2681 cum
550 2621 723 2681 December
737 2640 829 2681 cauus
843 2626 876 2682 et
888 2623 996 2683 bruma
1008 2623 1162 2704 impotens

370 2713 406 2766 20
454 2702 607 2783 Aquilone
622 2724 713 2764 rauco
726 2705 858 2783 mugiet,

412 2789 526 2869 Aprica
538 2794 664 2869 repetes
678 2787 864 2863 Tarraconis
877 2787 971 2850 litora

455 2872 615 2952 Tuamque
628 2866 826 2933 Laletaniam.

412 2956 459 3017 lbi
471 2954 604 3036 illigatas
618 2954 763 3016 mollibus
778 2955 911 3017 dammas
924 2955 1024 3038 plagis

454 3040 606 3101 Mactabis
620 3047 654 3100 et
666 3058 776 3100 vernas
792 3061 883 3120 apros

370 3123 625 3205 25Leporcmque
639 3124 715 3184 forti
730 3123 877 3185 callidum
892 3143 1016 3208 rumpes
1033 3142 1131 3204 equo,

455 3209 571 3269 Cervos
585 3207 745 3287 relinques
758 3208 860 3272 vilico.

412 3290 522 3353 Vicina
535 3293 568 3352 in
581 3292 681 3372 iprum
695 3290 772 3351 silva
785 3291 956 3353 descendet
969 3291 1072 3351 focum

454 3374 574 3434 Infante
589 3378 722 3436 cinctum
736 3375 880 3449 sordido;

412 3456 580 3519 Vocabitur
594 3465 721 3518 venator
736 3464 769 3517 et
783 3459 889 3519 veniet
902 3458 960 3518 tibi
1021 3532 1027 3540 .

371 3550 406 3604 30
437 3555 439 3558 “
455 3540 589 3601 Conviva
603 3541 746 3601 clamatus
759 3560 876 3621 prope;

412 3625 530 3685 Lunata
543 3643 691 3701 nusquam
704 3622 799 3702 pellis
814 3630 848 3685 et
861 3643 1010 3706 nusquam
1023 3630 1096 3706 toga

455 3705 626 3787 Olidaeque
640 3711 743 3767 vestes
756 3707 892 3784 murice3
