3267 4409
364 483 383 547 8
687 495 723 543 o.
744 495 815 543 rora.
838 478 1024 543 numurus

259 674 264 683 -
363 636 526 697 Montanum
545 632 647 713 positis
669 633 781 694 audiret
804 633 908 710 vulgus
931 635 1042 694 aratris.

312 782 314 793 ,
366 720 439 795 Quid
461 736 518 779 non
541 718 725 796 proclames,
747 720 776 777 in
797 734 924 795 corpore
947 718 1050 778 iudicis
1073 719 1127 779 ista

246 862 249 878 ,
311 796 313 801 ’
365 805 396 866 Si
415 800 538 863 videas?
560 818 670 880 quaero
690 820 725 861 au
748 802 872 861 deceant
893 800 1019 862 multicia
1041 800 1168 864 testem?

335 942 337 949 .
363 887 445 949 Acer
467 896 495 947 et
517 886 670 945 indomitus
692 885 893 963 libertatisque
916 886 1071 962 magister,

365 970 499 1046 Cretice,
518 968 670 1046 perluces!
691 968 780 1028 Dedit
800 969 874 1028 banc
897 971 1031 1046 contagio
1053 969 1151 1030 labem

363 1055 401 1116 Et
422 1054 499 1115 dabit
520 1056 548 1112 in
571 1053 686 1131 plures3
714 1054 787 1112 sicut
806 1072 881 1130 grex
902 1062 979 1113 totus
1000 1054 1029 1112 in
1046 1054 1126 1131 agris

363 1139 453 1200 Unius
474 1136 573 1199 scabie
597 1137 672 1196 cadit
695 1146 724 1196 et
746 1138 895 1215 porrigine
918 1135 1018 1216 porci,

362 1223 484 1302 Uvaqne
508 1230 665 1299 conspecta
688 1221 810 1280 livorem
833 1221 910 1280 ducit
931 1219 967 1280 ab
990 1238 1054 1281 uva.

362 1300 490 1368 Foedius
512 1305 570 1365 boc
592 1304 699 1382 aliquid
722 1304 895 1383 quandoque
918 1304 1040 1364 audebis
1061 1304 1182 1367 amictu:

363 1391 457 1451 Nemo
479 1398 601 1468 repente
624 1388 676 1449 init
697 1389 894 1468 turpissimus:
918 1389 1061 1466 accipient
1083 1398 1113 1449 tc

363 1474 517 1550 Paulatim,
538 1474 586 1552 qui
609 1472 695 1550 longa
717 1473 793 1532 donni
813 1472 981 1532 redimicula
1004 1481 1115 1532 sumunt

363 1557 518 1620 Frontibus
540 1565 569 1616 et
592 1565 653 1616 toto
679 1574 806 1634 posuere
827 1556 943 1616 monilia
966 1557 1062 1633 collo,

363 1640 461 1721 Atque
481 1640 589 1702 Bonam
609 1649 729 1700 tenerae
752 1638 869 1719 placant
892 1640 1045 1700 abdomine
1067 1625 1177 1719 porca}

363 1725 402 1786 Et
421 1741 526 1803 magno
550 1731 664 1784 cratere
686 1723 793 1792 Deam;
822 1724 873 1783 sed
896 1741 977 1784 more
1000 1724 1115 1785 sinistro

364 1809 516 1888 Exagitata
539 1808 643 1887 procul
661 1824 718 1866 non
740 1809 825 1866 intrat
847 1808 956 1867 femina
974 1807 1076 1877 limem

364 1894 443 1954 Solis
464 1911 513 1954 ara
535 1894 608 1953 deae
629 1890 755 1952 maribus
776 1901 865 1968 patet.
897 1892 940 1951 lte
961 1892 1117 1971 profanael

364 1975 525 2047 clamatum
548 1976 627 2037 nullo
649 1976 738 2054 gemit
759 1975 806 2035 hio
826 1975 943 2036 tibicina
967 1993 1066 2036 corun.

363 2060 444 2123 Talia
467 2070 582 2122 secreta
605 2061 756 2120 coluerunt
778 2060 861 2136 orgia
884 2061 969 2120 taeda

365 2144 540 2225 Cecropiam
558 2144 636 2205 soliti
658 2144 768 2222 Baptae
793 2143 904 2203 lassare
928 2141 1057 2220 Cotptto.

362 2230 417 2291 llle
440 2230 624 2310 supercilium
647 2229 759 2289 madida
780 2227 902 2304 iuligine
926 2236 1032 2288 tactum

364 2314 487 2392 Obliqua
510 2313 645 2392 producit
666 2330 720 2371 acu
742 2311 892 2390 pingitque
913 2321 1071 2373 trementes

364 2396 513 2457 Attollens
530 2397 648 2456 oculos:
670 2396 764 2454 vitreo
782 2395 854 2455 bibit
870 2396 921 2456 ille
945 2398 1065 2475 priapo,

363 2478 587 2556 Reticulumque
609 2479 699 2537 comis
721 2488 849 2539 auratum
866 2480 1030 2558 ingentibus
1053 2480 1171 2560 implet,

366 2561 510 2621 Caerulea
531 2562 646 2620 indutus
667 2561 807 2620 scutulata
825 2572 873 2623 aut
895 2564 1010 2643 galbina
1032 2582 1114 2642 rasa,

363 2644 402 2705 Et
425 2662 479 2723 per
499 2643 637 2703 lunonem
659 2644 762 2704 domini
785 2646 895 2707 iurante
915 2650 1053 2709 ministro.

247 2786 248 2793 ,
364 2727 419 2789 llle
440 2737 519 2788 tenet
541 2729 709 2806 speculum,
733 2729 840 2806 pathici
862 2742 1013 2810 gestamen
1035 2731 1174 2811 Othonis,

363 2811 483 2872 Actoris
506 2811 633 2872 Aurunci
653 2813 794 2891 spolium,
819 2833 876 2894 qno
900 2835 933 2875 se
955 2817 1006 2876 ille
1023 2816 1141 2877 videbat

362 2894 526 2972 Armatam,
549 2914 634 2974 quum
654 2899 709 2958 iam
727 2898 791 2958 tolli
811 2900 920 2960 vexilla
943 2900 1066 2961 iuberet.

352 2980 423 3040 'Res
444 2982 628 3041 memoranda
651 2982 734 3041 novis
756 2983 906 3043 annalibus
927 2993 1014 3063 atque
1036 2986 1150 3046 recenti

362 3064 503 3142 Historia,
527 3065 677 3144 speculum
700 3066 793 3126 civilis
815 3069 929 3128 sarcina
951 3068 1038 3129 belli!

361 3147 499 3208 Nimirum
521 3151 621 3209 suunni
639 3150 720 3209 ducis
744 3159 789 3210 est
810 3152 949 3212 occidere
973 3151 1093 3213 Galbam

361 3231 398 3291 Et
418 3251 519 3292 curare
543 3242 651 3298 cutem:
673 3236 772 3292 summi
794 3237 954 3295 constantia
979 3237 1067 3313 civis,

361 3314 495 3375 Bebriaci
518 3334 621 3394 campo
643 3318 767 3395 spolium
789 3319 927 3378 affectare
950 3320 1042 3380 Palati

362 3398 400 3458 llt
419 3417 552 3477 pressum
574 3402 602 3459 in
624 3400 729 3460 faciem
752 3403 848 3479 digitis
871 3404 1032 3464 extendere
1054 3420 1175 3481 panem:

365 3481 449 3555 Quod
472 3500 529 3543 nec
548 3486 576 3543 in
591 3484 713 3560 Assyrio
737 3486 902 3563 pharetrata
925 3488 1092 3548 Semiramis
1114 3488 1201 3569 orba,

361 3562 474 3626 llaesta
496 3585 552 3627 nec
574 3567 694 3629 Actiaca
718 3569 788 3630 lecit
811 3568 969 3649 Cleopatra
989 3572 1096 3632 carina.

362 3646 415 3707 llic
437 3649 532 3710 nullus
552 3652 651 3710 verbis
675 3654 769 3730 pudor
788 3665 836 3715 aut
855 3656 1019 3716 reverentia
1042 3673 1182 3733 mensae;
1304 3670 1352 3725 llo

360 3728 416 3791 llic
439 3736 531 3814 turpis
553 3733 679 3811 Cybeles
703 3746 732 3798 et
754 3738 847 3800 fracta
869 3757 944 3799 voce
967 3739 1105 3821 loquendi
