3267 4409
368 486 408 549 58
711 499 746 547 o.
768 498 841 548 nou.
863 498 1049 548 mvnnnnrs

367 637 458 715 Finge
481 645 577 698 tamen
599 637 713 714 gladios
734 600 801 699 inde
823 647 909 716 atque
932 638 998 698 hinc
1022 636 1132 715 pulpita
1155 639 1238 719 poni:
1299 649 1349 702 195

369 721 444 795 Quid
465 719 576 782 satius?
599 731 720 781 mortem
740 724 783 782 sic
806 722 955 800 quisquam
977 721 1141 794 exhorruit,
1165 731 1195 780 ut
1218 723 1254 780 sit

368 805 530 884 Zelotypus
553 806 727 881 Thymeles,
748 805 854 883 stupidi
875 805 992 881 collega
1013 801 1162 863 Corinthi?

368 889 428 951 lles
450 889 525 950 haud
544 892 614 949 mira
635 898 744 965 tamen,
767 888 935 949 citharoedo
959 889 1105 966 principe,
1128 891 1229 946 mimus

368 974 491 1033 Nobilis.
521 972 602 1033 llaec
624 974 698 1032 ultra
721 972 788 1051 qnid
815 972 869 1031 erit
892 973 945 1031 nisi
970 969 1075 1031 ludus?
1099 981 1127 1031 et
1149 973 1209 1031 illic

368 1058 504 1119 Dedecus
526 1056 604 1116 urbis
626 1056 734 1131 habes,
754 1074 810 1115 nec
833 1054 1010 1114 mirmillonis
1030 1056 1058 1114 in
1082 1057 1177 1130 armis,
1298 1068 1351 1121 200

367 1142 431 1202 Nec
454 1141 550 1219 clipeo
574 1139 732 1200 Gracchum
754 1147 929 1217 pugnantem
950 1147 998 1198 aut
1019 1138 1095 1199 lalce
1118 1142 1234 1217 supina;

368 1225 490 1285 Damnat
514 1225 587 1284 onim
609 1223 683 1283 tales
704 1223 828 1296 habitus,
847 1223 888 1299 let
912 1222 1024 1282 damnat
1046 1232 1075 1282 et
1096 1225 1166 1298 odit,

253 1347 257 1356 -
368 1309 431 1371 Nec
453 1309 537 1385 galea
561 1307 665 1367 laciem
686 1303 871 1383 abscondit:]
893 1313 992 1362 movet
1014 1322 1086 1364 ecce
1107 1308 1258 1373 tridentem
1281 1318 1320 1385 et,

369 1392 521 1470 Postquam
543 1390 654 1450 vibrata
675 1392 830 1470 pendentia
847 1390 920 1449 retia
945 1389 1046 1449 dextra

367 1475 548 1554 Nequiquam
571 1474 687 1550 effudit,
715 1471 820 1534 nudum
841 1473 877 1534 ad
901 1474 1069 1552 spectacula
1091 1474 1199 1535 vultum
1297 1490 1349 1541 205

368 1558 462 1635 Erigit
482 1568 512 1618 et
532 1568 591 1617 tota
616 1557 690 1635 fugit
711 1557 913 1635 agnoscendus
936 1575 1033 1617 arena.

369 1639 525 1701 Credamus
548 1642 678 1717 tunicae,
702 1642 738 1701 de
761 1642 893 1702 lancibus
917 1660 1004 1702 aurea
1029 1658 1114 1719 quum
1136 1661 1169 1702 se
1239 1714 1246 1721 ᾖ

256 1788 258 1795 ,
367 1726 500 1801 Porrigat
521 1734 549 1784 et
569 1720 659 1802 lorlgo
681 1726 805 1785 iactetur
825 1726 903 1804 spira
923 1722 1046 1803 galero?

368 1808 448 1886 Ergo
471 1810 652 1886 ignominiam
674 1811 839 1886 graviorem
860 1809 979 1888 pertulit
1002 1810 1078 1867 omni

367 1893 496 1954 Vulnere
520 1911 583 1954 cum
606 1893 738 1954 Graccho
761 1894 857 1954 iussus
880 1911 1010 1971 pugnare
1033 1902 1160 1953 secutor.
1298 1907 1351 1958 ilo

410 1977 512 2039 Libera
532 1979 557 2037 si
580 1976 683 2037 dentur
702 1974 813 2058 populo
837 1977 990 2054 sull'ragia,
1017 1979 1080 2056 quis
1103 1987 1158 2038 tam

368 2060 517 2138 Perditns‚
541 2071 572 2121 ut
593 2061 703 2122 dubitet
726 2063 868 2123 Senecam
893 2063 1042 2140 praeferre
1065 2061 1184 2138 Neroni,

369 2143 458 2206 Cuius
477 2145 622 2225 supplicio
645 2164 702 2205 non
723 2146 821 2206 debuit
847 2163 901 2205 nna
927 2147 1023 2222 parari

369 2232 456 2290 Simia
479 2248 534 2290 nec
552 2247 680 2308 >serpens
701 2249 772 2290 unus
794 2249 850 2290 nec
875 2230 986 2289 culleus
1009 2227 1102 2289 unus?

368 2313 424 2374 Par
444 2313 707 2391 Agamemnonidae
730 2316 853 2390 cmmen,
877 2313 930 2373 sed
954 2314 1131 2374 consciscit
1153 2332 1213 2373 rem
1299 2326 1349 2376 215

368 2397 560 2458 Dissimilem:
584 2400 691 2477 quippe
713 2399 764 2459 ille
786 2399 848 2459 deis
869 2398 1035 2457 auctoribus
1057 2398 1134 2457 ultor

367 2478 459 2541 Patris
481 2492 544 2541 crat
567 2484 645 2543 caesi
667 2483 760 2543 media
783 2483 860 2542 inter
879 2481 999 2561 pocula3
1023 2480 1077 2540 sed
1100 2499 1154 2539 nec

366 2563 505 2625 Electrae
531 2566 631 2642 iugulo
655 2584 688 2627 se
710 2567 815 2647 polluit
840 2575 888 2627 aut
911 2565 1043 2644 Spartani

299 2656 304 2665 '
367 2648 514 2725 Sanguine
537 2651 678 2728 coniugii,
703 2650 788 2711 nullis
811 2651 925 2711 aconita
950 2647 1119 2726 propinquis

315 2787 319 2795 .
366 2730 500 2810 Miscuit,
524 2735 552 2793 in
580 2752 668 2796 scena
689 2752 841 2815 numquam
864 2733 988 2792 cantavit
1012 2729 1144 2804 Orestes,
1297 2740 1350 2793 220

366 2814 473 2876 Troica
495 2834 552 2876 non
574 2820 701 2896 scripsit.
737 2818 811 2893 Quid
837 2819 911 2878 enim
929 2816 1084 2893 Verginius
1107 2814 1191 2873 armis

367 2899 475 2961 Debuit
499 2901 601 2963 ulcisci
622 2905 730 2980 magis,
753 2912 800 2962 aut
825 2921 889 2963 cum
910 2901 1032 2961 Vindice
1056 2898 1156 2973 Galba,

369 2983 455 3056 Quod
480 2984 636 3047 Nero'tam
662 3005 751 3046 saeva
777 2987 925 3066 crudaque
950 2984 1099 3062 tyrannide
1123 2979 1213 3042 lecit?

367 3068 449 3129 llaec
471 3086 561 3148 opera
584 3080 670 3149 atque
684 3054 747 3131 hae
770 3081 836 3132 sunt
858 3071 995 3149 generosi
1019 3068 1157 3148 principis
1176 3076 1264 3142 artes,

369 3152 525 3214 Gaudentio
551 3154 640 3215 loedo
663 3156 820 3233 peregrina
843 3155 878 3214 ad
901 3154 1012 3232 pulpita
1036 3161 1120 3212 cantu
1297 3160 1349 3212 225

368 3236 502 3297 Prostitui
525 3236 686 3316 Graiaeque
708 3242 802 3316 apium
824 3240 964 3297 meruisse
989 3253 1126 3297 coronae.

344 3318 507 3381 .blaiorum
531 3321 645 3399 effigies
669 3323 793 3383 habeant
817 3324 939 3398 insignia
961 3323 1069 3381 vocis:'

369 3403 445 3464 Ante
469 3405 560 3484 pedes
588 3405 694 3467 Domiti
721 3407 837 3482 longum
859 3415 888 3464 tu
911 3422 987 3483 pone
1011 3404 1157 3479 Thyestae

368 3488 470 3563 Syrma
493 3489 543 3550 vel
567 3489 728 3568 Antigones
752 3499 800 3549 aut
822 3506 977 3567 personam
1000 3488 1192 3566 Menalippes,

366 3569 405 3631 Et
428 3572 465 3632 de
490 3591 652 3644 marmoreo
679 3574 815 3634 citharam
838 3573 985 3651 suspende
1008 3573 1139 3632 colosso.
1169 3588 1173 3597 ‘
1299 3578 1352 3633 230

368 3653 461 3730 Quid,
486 3653 626 3736 Catilina,
645 3659 701 3718 tuis
724 3656 866 3716 natalibus
889 3667 975 3734 atque
996 3655 1120 3733 Cethegi

367 3737 497 3800 Inveniet
518 3742 673 3821 quisquam⁴
691 3737 861 3802 sublimius?
884 3759 962 3801 arma
984 3750 1079 3801 tamen
1099 3756 1153 3798 vos
