3267 4409
1424 478 1674 528 sA‘rmA
1714 480 1781 529 v,
2144 472 2157 484 ·
2502 470 2582 533 25

605 616 860 678 Frivola.
953 616 1122 691 Quod
1165 636 1337 697 quum
1379 620 1455 680 ita
1499 620 1605 695 sit,
1654 616 1718 680 tu'
1760 617 2498 697 Gaetulum’Ganymedem

605 702 888 779 Respice,
937 720 1108 781 quum
1149 704 1330 762 sities.
1420 702 1624 763 Nescit
1666 713 1750 764 tot
1812 705 2041 766 milibus
2089 714 2343 785 emptus·
2514 717 2583 773 60

603 785 963 864 Pauperibus
1007 787 1255 849 miscere
1301 806 1478 866 puer:
1521 788 1629 848 sed
1676 789 1896 865 forma,
1945 789 2049 848 sed
2095 798 2257 849 aetas

602 870 792 946 Digna
841 871 1156 948 supercilio
1173 893 1187 939 ;
1244 872 1470 949 quando
1519 872 1592 933 ad
1638 881 1698 933 te
1745 874 2013 951 pervenit
2058 869 2206 932 ille?

603 953 847 1028 Quando
895 962 1133 1030 rogatus
1176 954 1342 1015 adest
1388 955 1609 1016 calidae
1658 956 2009 1036 gelidaeque
2049 954 2353 1017 minister?

605 1037 840 1115 Quippe
884 1038 1209 1115 indignatur
1253 1041 1442 1099 veteri
1489 1057 1701 1118 parere
1749 1041 1968 1116 clienti,

603 1120 891 1200 Quodque
937 1122 1151 1200 aliquid
1194 1140 1441 1201 poscas,
1488 1132 1548 1183 et
1589 1125 1745 1223 quod
1792 1144 1857 1184 se
1905 1132 2091 1184 stante
2138 1125 2465 1186 recumbas.
2512 1137 2580 1191 65

599 1203 847 1265 Maxima
894 1223 1158 1284 quaeque
1203 1207 1406 1266 domus
1454 1209 1642 1267 servis
1689 1217 1779 1267 est
1826 1209 1997 1287 plena
2044 1209 2335 1288 superbis.

600 1287 765 1349 Ecce
808 1289 953 1348 alius
1000 1299 1212 1367 quanto
1261 1292 1536 1370 porrexit*
1571 1310 1857 1351 murmure
1904 1309 2111 1370 panem

599 1373 716 1432 Vix
759 1371 1033 1474 fractum,
1082 1374 1306 1434 solidae
1352 1376 1464 1435 iam
1508 1376 1735 1460 mucida
1780 1376 1957 1436 frusta
2001 1375 2246 1453 farinae,

601 1456 767 1530 Quae
810 1459 1119 1533 genuinum
1167 1460 1419 1535 agitent,
1467 1453 1581 1517 non
1627 1459 1979 1520 admittentia
2029 1477 2314 1522 morsum:

599 1541 721 1603 Sed
767 1549 937 1601 tener
979 1551 1037 1602 et
1080 1542 1286 1601 niveus
1331 1542 1610 1621 mollique
1657 1542 1883 1621 siligine
1929 1544 2117 1604 factus
2514 1554 2582 1610 70

598 1625 880 1685 Servatur
925 1626 1211 1685 domino.·
1264 1624 1542 1687 Dextram
1588 1626 1867 1687 cohibere
1896 1637 2238 1699 -memento;

597 1709 776 1770 Salva
820 1710 894 1767 sit
937 1719 1202 1789 artoptae
1248 1710 1611 1772 reverentia!
1667 1711 1822 1789 finge
1865 1721 2058 1773 tamen
2103 1722 2161 1772 te

595 1792 1028 1872 Improbulum,
1077 1804 1350 1874 superest
1395 1795 1515 1855 illic
1557 1797 1654 1873 qui
1700 1814 1922 1875 ponere
1966 1805 2176 1874 cogat:

594 1878 704 1937 Vis
750 1886 809 1936 tu
853 1880 1145 1938 consuetis
1190 1878 1378 1940 audax
1425 1882 1672 1940 conviva
1716 1882 1981 1940 canistris
2162 1894 2173 1902 ·

595 1960 836 2040 Impleri
882 1963 1166 2041 panisque
1212 1965 1290 2023 tui
1334 1956 1574 2023 novisse
1624 1961 2041 2024 coloremY—
2510 1972 2576 2028 7⁵

597 2045 841 2107 Scilicet
883 2046 998 2105 hoc
1042 2047 1269 2122 fuerat,
1315 2056 1562 2126 propter
1601 2044 1764 2125 'quod
1812 2064 1992 2126 saepe
2035 2047 2243 2108 relicta

599 2126 867 2207 Coniuge
911 2148 1021 2209 per
1063 2139 1313 2190 montem
1364 2131 1673 2191 adversum
1712 2131 2058 2208 gelidasque
2105 2132 2334 2191 cucurri

597 2212 929 2292 Esquilias,
973 2214 1256 2274 fremeret
1296 2232 1474 2275 saeva
1520 2232 1693 2294 quum
1735 2215 2017 2292 grandine
2060 2232 2277 2275 vernus

595 2298 859 2377 Iuppiter
905 2307 963 2358 et
1006 2298 1184 2359 multo
1231 2298 1477 2359 stillaret
1519 2299 1771 2377 paenula
1814 2296 2146 2358 nimbol—
2518 2342 2527 2351 .

597 2382 856 2461 Aspice,
902 2400 1070 2462 quam
1117 2382 1298 2460 longo
1343 2382 1632 2443 distendat
1678 2392 1925 2462 pectore
1970 2383 2219 2459 lancem,
2508 2392 2580 2447 80

599 2466 766 2541 Quae
811 2465 995 2527 fertur
1041 2467 1560 2545 domino‘squilla,
1617 2476 1677 2527 et
1720 2466 1929 2546 quibus
1974 2468 2226 2547 undique
2272 2476 2439 2547 septa

597 2550 954 2630 Asparagis,
1004 2568 1116 2631 qua
1157 2552 1446 2631 despiciat
1491 2552 1755 2612 convivia
1801 2551 2003 2627 cauda,

593 2635 743 2696 Dum
801 2638 963 2698 venit
1033 2636 1260 2717 excelsi
1306 2635 1570 2697 manibus
1613 2635 1839 2697 sublata
1882 2635 2155 2695 ministri:

597 2720 720 2781 Sed
761 2717 866 2779 tihi
910 2719 1142 2780 dimidio
1192 2722 1542 2805 constrictus
1589 2737 1907 2780 cammarus
1954 2736 2067 2779 ovo

595 2802 836 2865 Ponitur
880 2804 1090 2883 exigua
1135 2802 1338 2864 feralis
1385 2797 1574 2865 coe'na
1616 2803 1857 2883 patella.
2508 2808 2579 2864 85

595 2886 736 2969 Ipse
781 2886 1144 2949 Venafrano
1161 2888 1387 2968 piscem
1429 2886 1753 2986 perfundit:
1800 2894 1859 2947 at
1900 2884 2027 2961 hie,
2072 2884 2167 2963 qui
2352 2906 2357 2911 ·
2458 2914 2464 2919 -

595 2969 854 3054 Pallidus
900 2972 1141 3094 affertur
1177 2971 1394 3082 misero
1436 2970 1555 3031 tibi·
1585 2970 1808 3101 caulis,
1858 2968 2057 3054 οΙᾳΙιίι.
2112 3048 2120 3049 ι
2158 3051 2175 3055 ¹⁷

1052 3048 1208 3053 Ῠζῐῖ
1212 3048 1257 3051 ἡ
1321 3049 1565 3086 *vqssf
1587 3052 1613 3061 „
