3267 4409
325 474 388 541 184
425 470 430 480 '
648 477 693 540 M.
709 475 801 541 VAL.
817 473 1044 540 MAR'I'IALIS

776 680 914 745 XXXVI.

408 794 505 874 Regia
518 794 725 875 pyramidum,
747 795 878 874 Caesar,
899 791 1046 855 miracula
1058 791 1145 857 ride:

449 879 511 939 Iam
524 885 611 941 tacet
621 880 720 940 Eoum
736 880 869 939 barbara
882 879 1141 960 Memphis‘opus.
1256 924 1260 935 .

406 964 484 1024 Pars
499 970 592 1043 quota
605 963 787 1023 Parrhasiae
800 962 890 1023 labor
904 970 952 1024 est
966 963 1155 1025 Mareoticus
1170 961 1280 1025 aulaei

449 1045 571 1108 Clarius
585 1049 617 1107 in
632 1053 699 1107 toto
713 1045 758 1106 nil
771 1047 858 1108 videt
871 1049 947 1108 orbe
963 1047 1038 1109 dies.

386 1131 564 1212 aseptenos
578 1133 698 1212 parIter
712 1131 822 1210 credas
837 1150 999 1210 assurgere
1014 1137 1150 1211 montes,

448 1215 662 1276 Thessalicum
678 1217 803 1276 brevior
818 1214 927 1276 Pelion
944 1216 1021 1276 Ossa
1032 1215 1115 1280 tulit.

405 1300 545 1360 Aethera
559 1303 604 1361 sic
618 1303 730 1378 intrat,
752 1301 860 1361 nitidis
874 1306 909 1360 ut
924 1298 1065 1361 conditus
1080 1302 1172 1361 astris

449 1382 603 1446 Inferiore
618 1391 707 1445 tonet
722 1388 803 1444 nube
823 1403 952 1446 serenus
967 1402 1044 1463 apex

405 1467 448 1529 Et
461 1470 547 1548 prius
561 1489 672 1530 arcano
687 1472 817 1530 satietur
834 1471 957 1529 numine
972 1469 1109 1548 Phoebi,
1160 1500 1171 1505 ·

364 1561 399 1615 10
446 1552 609 1614 Nascentis
624 1555 716 1614 Circe
734 1574 824 1633 quam
837 1554 923 1614 videt
941 1572 995 1613 ora
1008 1554 1116 1633 patris.

282 1652 285 1661 ¹
406 1636 509 1716 Haec,
532 1639 686 1715 Auguste,
708 1643 829 1718 tamen,
852 1656 930 1718 quae
945 1637 1064 1698 vertice
1077 1634 1181 1698 sidera
1193 1635 1315 1718 pulsat,

447 1721 508 1780 Par
523 1720 629 1782 domus
645 1727 694 1782 est
709 1720 813 1801 caelo,
835 1723 892 1783 sed
905 1723 1006 1783 mInor
1020 1728 1070 1782 est
1084 1721 1219 1786 domino.

763 1856 916 1922 XXXVII.

406 1965 496 2047 Quod
510 1970 658 2032 Caietano
671 1966 795 2050 reddis,
815 1967 1036 2050 Polycharmo,
1057 1966 1206 2043 tabellas,

447 2053 536 2115 Milia
548 2062 582 2116 te
597 2061 720 2116 centnm
735 2075 807 2116 num
824 2056 970 2116 tribuisse
986 2053 1098 2135 putas?

406 2139 543 2218 „Debuit
560 2140 660 2202 hacc“
676 2141 789 2221 inquis.
817 2140 891 2199 Tibi
901 2141 992 2221 habe,
1002 2138 1217 2220 Polycharmo,
1231 2133 1354 2199 tabellas

446 2224 488 2284 Et
503 2224 651 2286 Caietano
665 2225 749 2286 milia
762 2223 857 2286 crede
873 2224 942 2291 duo.

760 2360 925 2424 XXXVIII.

405 2471 465 2547 Qui
478 2475 617 2550 praestat
629 2472 746 2551 pietate
760 2473 914 2552 pertinaci

405 2555 540 2615 Sensuro
559 2557 639 2616 bona
651 2555 867 2633 liberalitatis,

404 2642 517 2719 Captet
530 2640 660 2700 forsitan
676 2645 728 2698 aut
743 2641 840 2700 vicem
854 2643 1006 2718 reposcat.

406 2725 448 2784 At
464 2725 490 2784 si
506 2725 574 2804 quis
590 2722 665 2783 dare
681 2725 798 2784 nomini
812 2723 925 2784 relicto

382 2805 598 2872 5Post'manes
611 2807 824 2888 tumulumque
837 2815 1029 2892 perseverat,

291 2966 293 2970 ι
405 2894 534 2971 Quaerit
549 2892 639 2973 quid,
659 2894 720 2952 nisi
733 2895 856 2974 parcius
871 2891 1004 2953 dolere?

401 2970 514 3038 Refert
528 2979 570 3037 sis
585 2979 699 3053 bonus,
720 2999 759 3037 an
772 2976 852 3038 velis
865 2977 975 3039 videri

403 3064 548 3123 Praestas
562 3064 638 3140 hoc,
659 3061 792 3142 Melior,
814 3064 934 3123 sciente
948 3063 1044 3144 fama,
1142 3077 1154 3097 ‘

403 3148 463 3224 Qui
477 3146 678 3209 sollemnibus
693 3149 798 3209 anxius
812 3147 929 3229 sepulti

361 3232 520 3295 10Nomen
533 3252 594 3292 non
608 3232 683 3292 sinis
700 3233 832 3294 interire
846 3230 966 3312 Blaesi,

402 3316 445 3377 Et
460 3316 656 3376 demonifica
670 3319 815 3396 profusus
830 3337 901 3376 arca

402 3399 453 3459 Ad
466 3401 641 3460 natalicium
655 3401 737 3460 diem
754 3399 918 3462 colendum

403 3482 581 3545 Scribarum
594 3488 723 3546 memori
738 3487 870 3565 piaeque
885 3485 996 3544 turbae

403 3567 493 3643 Quod
508 3567 619 3649 donas,
639 3571 715 3631 facis
730 3572 799 3650 ipse
812 3568 1016 3630 Blaesianum.

361 3651 469 3714 15Hoc
481 3650 607 3732 longum
622 3655 696 3732 tibi,
717 3657 780 3714 viia
794 3652 866 3713 dnm
881 3655 1032 3732 manebit,

401 3735 471 3798 Hoc
485 3741 518 3797 et
529 3743 602 3819 post
617 3739 739 3800 cineres
754 3739 815 3800 erit
829 3739 988 3801 trIbutum.
