3267 4409
555 477 895 543 EPIGRAMMATON
909 477 983 541 LIB.
998 476 1037 540 X.
1254 480 1316 546 231

364 631 599 710 Sollemnesque
613 633 698 691 iocos
712 649 772 690 uec
786 631 889 691 tristia
901 631 1037 690 carmine
1050 633 1152 713 poscit
1197 707 1201 713 Ι

404 719 447 778 nt
460 717 601 797 queritur
613 733 709 793 nugas
723 715 890 774 obticuisse
903 732 995 774 mens.

341 803 546 866 5Mensorum
560 797 661 877 longis
677 797 733 858 sed
746 817 828 858 nunc
842 803 929 857 vacat
942 796 1000 856 ille
1015 795 1143 865 libellis.

405 885 522 966 Appia,
543 881 618 964 quid
632 883 744 960 facia,
764 882 792 942 si
807 879 889 961 legit
899 882 961 941 ists
974 881 1105 944 Macer?

743 1014 850 1078 XVIII.
969 1021 975 1030 “

362 1130 429 1198 Nec
443 1135 532 1190 vocat
545 1127 584 1188 ad
598 1148 705 1189 cenam
719 1128 855 1207 Marius,
876 1147 935 1190 nec
947 1148 1075 1191 munera
1089 1131 1202 1208 mittit,

404 1215 471 1275 Nee
485 1212 631 1293 spondet,
654 1232 712 1272 nec
726 1211 791 1272 volt
806 1211 954 1292 credere,
976 1214 1032 1274 sed
1046 1233 1104 1274 nec
1117 1215 1220 1274 habet.

363 1297 472 1360 Turba
486 1302 590 1357 tamen
603 1316 665 1355 non
681 1296 785 1373 deest,
807 1296 946 1356 sterilem
962 1317 1040 1377 quae
1055 1305 1144 1359 curet
1157 1299 1294 1360 amicum.

404 1380 508 1444 Eheu!
531 1398 621 1459 quam
633 1380 736 1441 fatuae
750 1385 824 1439 sunt
838 1381 913 1458 tibi,
933 1380 1045 1463 Roma,
1066 1382 1174 1462 togae!

691 1545 693 1549 ⁷
759 1513 839 1574 XIX.

361 1629 428 1691 Nec
443 1628 567 1690 doctum
581 1631 655 1690 satis
670 1636 703 1690 et
715 1647 823 1709 porum
835 1649 994 1710 mserum,

362 1712 428 1774 Sed
441 1733 504 1774 non
517 1714 697 1773 rusticulum
711 1714 802 1774 nimis
815 1713 957 1777 libellum

360 1796 592 1871 Facundomea
606 1797 724 1874 Plinio,
746 1798 871 1878 Thalia,

362 1880 377 1940 I
391 1882 515 1963 perfer:
539 1876 641 1940 brevis
655 1889 704 1941 est
717 1880 806 1942 labor
820 1889 966 1961 peractae

341 1962 472 2028 5Altnm
485 1965 611 2024 vincere
626 1967 780 2025 tramitem
794 1964 942 2027 Suburae.

363 2046 433 2109 Illic
448 2049 574 2128 Orphea
587 2050 729 2128 protinus
746 2048 867 2108 videbis

361 2131 425 2193 Udi
438 2133 556 2192 vertice
570 2129 723 2191 lubricum
736 2132 869 2210 theatri,

362 2216 578 2294 Mirantesque
592 2216 675 2274 ieras
690 2233 838 2294 avemque
851 2216 953 2294 regis,

361 2287 495 2380 Raptum
511 2318 588 2378 quae
603 2299 726 2378 Phryga
736 2297 872 2377 pertulit
886 2299 1030 2361 Tonanti,

322 2381 431 2444 rosslic
444 2403 537 2463 parva
552 2384 598 2442 tui
612 2382 718 2442 domus
732 2379 869 2442 Pedonis
1045 2403 1047 2407 ·

364 2466 490 2527 Caelata
504 2473 553 2526 est
568 2463 688 2546 aquilae
703 2468 823 2527 minore
837 2468 940 2547 pinna.

362 2549 427 2611 Sed
439 2569 480 2610 ue
495 2556 636 2630 tempore
650 2569 711 2609 non
725 2557 778 2611 tuo
794 2548 942 2612 disertam

362 2632 473 2694 Pulses
490 2636 577 2694 ebria
590 2635 726 2713 ianuam,
748 2633 862 2696 videto.
896 2684 899 2690 .

365 2718 464 2779 Totos
479 2718 532 2777 dat
545 2719 677 2778 tetricae
691 2716 759 2777 dies
773 2718 954 2796 Minervae,

320 2803 439 2864 15Dum
455 2808 578 2862 eentum
592 2799 698 2862 studet
712 2802 835 2862 auribus
851 2802 988 2862 virorum

362 2887 431 2946 Iloc
448 2884 531 2965 'quod
544 2884 666 2946 saecula
679 2886 860 2966 posterique
876 2887 997 2966 possint

363 2971 491 3050 Arpinis
507 2988 628 3049 quoque
643 2987 823 3049 comparare
834 2969 962 3030 chortis

362 3054 456 3114 Seras
470 3056 568 3114 tutior
581 3055 640 3114 ibis
655 3050 694 3114 ad
707 3051 862 3114 lucernas.

363 3138 450 3199 llaec
463 3139 540 3197 hora
554 3144 603 3197 est
617 3144 683 3216 tua,
705 3156 772 3196 cum
786 3135 864 3195 furit
877 3133 1014 3213 Lyaeus,

321 3223 439 3367 wXum
453 3228 564 3300 regnat
576 3241 662 3299 rosa,
685 3240 753 3281 cum
767 3217 892 3278 suadent
906 3215 1026 3299 capillis

394 3327 454 3367 unc
467 3324 517 3367 me
531 3305 581 3366 vel
594 3304 687 3385 rigidi
699 3303 804 3383 legant
816 3303 960 3364 Gotones.

765 3435 833 3500 XX.

365 3555 457 3615 Ducit
475 3553 513 3613 ad
532 3552 681 3612 auriferas
700 3548 783 3632 quod
799 3567 850 3610 me
869 3546 942 3610 Salo
961 3545 1105 3609 Celtiber
1122 3565 1210 3627 oras,
1240 3616 1243 3621 ¹

407 3634 549 3697 Pendula
564 3635 646 3715 quod
660 3635 779 3715 patriae
793 3636 895 3695 visere
909 3638 995 3693 tecta
1006 3630 1103 3710 libet,
1121 3662 1124 3667 ·
1142 3662 1147 3683 .·
1190 3660 1210 3687 ιι
1224 3640 1285 3701 aa„

366 3721 417 3781 'In
434 3723 509 3781 mihi
526 3719 733 3801 simplicibus,
754 3719 858 3799 Manl,
879 3716 1012 3781 dlleetns
1023 3716 1064 3779 ab
1078 3674 1385 3890 unflta'
