3267 4409
529 469 871 545 neronamnnron
883 469 957 536 nm.
974 468 1012 531 x.
1043 510 1047 519 .
1128 431 1131 437 ’

335 596 395 678 Iam
411 618 539 695 scrobe,
561 619 620 677 lam
634 616 734 695 lecto,
755 618 815 676 iam
830 617 1018 698 pollinctore
1032 625 1138 698 parato

376 701 536 762 Heredem
552 703 676 783 scripsit
690 703 869 762 meNuma:
892 702 1055 766 convaluit.

704 837 838 899 XCVIII.

333 949 437 1011 Addat
451 969 519 1008 cum
534 949 608 1008 mihi
624 949 798 1009 Caecubum
811 951 953 1012 minister

333 1035 424 1097 Idaeo
442 1031 610 1093 resolutior
624 1032 768 1111 cinaedo,

334 1121 400 1196 Quo
415 1136 473 1177 nec
486 1115 552 1176 illia
569 1116 682 1177 cultior
696 1136 760 1177 nec,
769 1137 862 1196 uxor,

307 1200 310 1204 ’
331 1204 397 1263 Nec'
412 1208 512 1261 mater
526 1207 578 1260 tua
590 1219 649 1260 nec
665 1221 754 1261 soror
771 1203 939 1281 recumbit,

311 1288 389 1350 ovis
405 1292 543 1364 spectem
557 1288 659 1364 potius
674 1292 741 1345 tuas
757 1285 897 1346 lacernas
912 1317 920 1329 r

334 1373 396 1431 Aut
411 1372 523 1430 cltrum
537 1377 625 1430 uetus
640 1370 823 1449 Indicosque
838 1371 971 1431 dentes?

333 1457 501 1535 Suspectus
515 1455 573 1514 tibi
589 1473 628 1514 ne
644 1461 746 1514 tamen
759 1457 951 1529 recumbam,
970 1474 972 1478 ·

334 1541 463 1599 Praesta
479 1537 518 1597 de
533 1544 628 1616 'grege
642 1537 828 1617 sordidaque
842 1539 915 1599 tilla

334 1623 473 1700 Tonsos,
492 1622 686 1699 lrorridulos,
707 1623 818 1703 rudes,
840 1622 970 1703 pusillos

289 1708 456 1771 10lecosi
470 1707 545 1765 mihi
558 1705 640 1766 lilios
655 1707 781 1769 subulci.

330 1790 449 1854 Perdet
466 1797 498 1850 te
513 1789 602 1850 dolor
617 1792 683 1850 hic:
702 1792 836 1870 habere,
855 1793 962 1871 Publi,

329 1878 437 1938 Mores
451 1894 512 1934 non
528 1882 618 1955 potes
631 1875 688 1934 hos
703 1877 806 1935 ethos
822 1878 988 1939 ministros.

713 2009 820 2069 XCIX.

331 2124 363 2184 Si
373 2125 510 2184 Romana
523 2122 628 2181 forent
643 2122 720 2180 baec
735 2122 871 2180 Socratis
887 2142 955 2199 ora,
978 2123 1108 2187 fuissent

371 2207 464 2268 lidius
478 2209 511 2266 in
526 2206 644 2285 Satyris
660 2202 761 2284 qualia
773 2205 871 2265 Rufus
886 2207 988 2267 habet.

750 2341 784 2402 C.

330 2455 427 2532 Quid,
451 2451 564 2530 stulte,
585 2455 700 2513 nostris
714 2454 855 2513 versibus
869 2459 938 2514 tuos
952 2456 1085 2516 misces‘l

329 2541 405 2600 Cum
420 2538 562 2617 litigante
578 2537 650 2617 quid
666 2539 740 2615 tibi,
762 2539 872 2615 miser,
893 2537 999 2599 libro?

330 2623 410 2700 Quid
426 2640 615 2701 congregare
631 2641 698 2681 cum
712 2620 856 2682 leonibus
870 2621 978 2704 volpes

328 2705 512 2787 AquiIisque
529 2705 644 2766 similes
658 2706 763 2765 facere
777 2713 905 2766 noctuas
923 2711 1067 2787 quaeris?

306 2793 453 2854 5Habeas
466 2791 576 2850 licebit
591 2789 723 2849 alterum
737 2791 849 2870 pedem
863 2791 981 2871 Ladae,
1076 2858 1088 2870 .

328 2876 453 2958 Inepte,
474 2876 589 2935 frustra
605 2892 695 2935 crure
708 2873 813 2954 lIgneo
829 2895 945 2938 curres.

741 3018 789 3079 CI.

329 3130 437 3211 Elysio
455 3132 565 3192 redeat
578 3135 604 3192 si
619 3134 702 3191 forte
715 3133 862 3192 remissus
876 3134 913 3192 ab
929 3152 1000 3212 agro

369 3214 428 3276 Ille
444 3235 499 3280 suo.
513 3216 589 3276 felin
604 3218 735 3277 Caesare
751 3217 858 3276 Gabba
871 3224 975 3295 vetus,

331 3301 390 3377 Qui
405 3298 611 3379 Capitolinum
627 3302 745 3380 pariter
761 3301 958 3380 Gabbamque
971 3302 1109 3361 iocantes

369 3383 530 3463 Audierit,
553 3384 651 3444 dicet:
673 3386 821 3462 „ltustice
836 3386 957 3463 Gabba,
976 3385 1076 3447 tace.“

709 3532 712 3536 ’
733 3520 793 3580 CII.

1227 470 1288 576 2¹53

330 3632 395 3706 Qua
409 3631 508 3692 factus
524 3634 643 3693 ratione
660 3634 703 3693 sit
713 3635 864 3712 requiris,
960 3628 964 3637 ’
1059 3658 1113 3695 ..ιι

248 3767 255 3783 ,
328 3716 387 3794 Qui
401 3735 555 3795 nunquam
569 3718 679 3796 futuit,
700 3724 790 3797 pater
804 3716 992 3779 Philaenusl
1025 3762 1040 3806 ,ν
1077 3742 1112 3787 ι·
