<?xml version="1.0" encoding="UTF-8"?>
<!DOCTYPE html PUBLIC "-//W3C//DTD XHTML 1.0 Transitional//EN"
    "http://www.w3.org/TR/xhtml1/DTD/xhtml1-transitional.dtd">
<html xmlns="http://www.w3.org/1999/xhtml" xml:lang="en" lang="en">
 <head>
  <title>
</title>
<meta http-equiv="Content-Type" content="text/html;charset=utf-8" />
  <meta name='ocr-system' content='tesseract 3.04.00' />
  <meta name='ocr-capabilities' content='ocr_page ocr_carea ocr_par ocr_line ocrx_word'/>
</head>
<body>
  <div class='ocr_page' id='page_1' title='image "./mvalmartialisep00martgoog_0050.png"; bbox 0 0 3267 4409; ppageno 0'>
   <div class='ocr_carea' id='block_1_1' title="bbox 326 473 367 536">
    <p class='ocr_par' dir='ltr' id='par_1_1' title="bbox 326 473 367 536">
     <span class='ocr_line' id='line_1_1' title="bbox 326 473 367 536; baseline 0 0"><span class='ocrx_word' id='word_1_1' title='bbox 326 473 367 536; x_wconf 74' lang='lat'><strong>26</strong></span> 
     </span>
    </p>
   </div>
   <div class='ocr_carea' id='block_1_2' title="bbox 647 470 1045 535">
    <p class='ocr_par' dir='ltr' id='par_1_2' title="bbox 647 470 1045 535">
     <span class='ocr_line' id='line_1_2' title="bbox 647 470 1045 535; baseline -0.005 0"><span class='ocrx_word' id='word_1_2' title='bbox 647 472 691 534; x_wconf 89' lang='grc' dir='ltr'><strong>Μ.</strong></span> <span class='ocrx_word' id='word_1_3' title='bbox 706 471 798 535; x_wconf 85' lang='lat' dir='ltr'>VAL.</span> <span class='ocrx_word' id='word_1_4' title='bbox 815 470 1045 533; x_wconf 66' lang='lat' dir='ltr'><strong>Mauritius</strong></span> 
     </span>
    </p>
   </div>
   <div class='ocr_carea' id='block_1_3' title="bbox 369 621 1010 869">
    <p class='ocr_par' dir='ltr' id='par_1_3' title="bbox 369 621 1010 869">
     <span class='ocr_line' id='line_1_3' title="bbox 412 621 1010 702; baseline -0.003 -17"><span class='ocrx_word' id='word_1_5' title='bbox 412 621 556 686; x_wconf 81' lang='lat' dir='ltr'><strong>Gaudent</strong></span> <span class='ocrx_word' id='word_1_6' title='bbox 568 624 690 683; x_wconf 85' lang='lat' dir='ltr'><strong>iocosae</strong></span> <span class='ocrx_word' id='word_1_7' title='bbox 706 622 802 683; x_wconf 77' lang='lat' dir='ltr'>(lanio</span> <span class='ocrx_word' id='word_1_8' title='bbox 816 641 872 682; x_wconf 89' lang='lat' dir='ltr'><strong>sno</strong></span> <span class='ocrx_word' id='word_1_9' title='bbox 887 621 1010 702; x_wconf 82' lang='lat' dir='ltr'>Gades,</span> 
     </span>
     <span class='ocr_line' id='line_1_4' title="bbox 369 707 843 770; baseline -0.013 0"><span class='ocrx_word' id='word_1_10' title='bbox 369 719 404 770; x_wconf 85' lang='lat'><strong>10</strong></span> <span class='ocrx_word' id='word_1_11' title='bbox 452 707 591 767; x_wconf 81' lang='lat' dir='ltr'><strong>Emerita</strong></span> <span class='ocrx_word' id='word_1_12' title='bbox 604 707 741 767; x_wconf 86' lang='lat' dir='ltr'>Deciano</span> <span class='ocrx_word' id='word_1_13' title='bbox 755 724 843 766; x_wconf 84' lang='lat' dir='ltr'><strong>mco:</strong></span> 
     </span>
     <span class='ocr_line' id='line_1_5' title="bbox 412 789 1010 869; baseline -0.005 -17"><span class='ocrx_word' id='word_1_14' title='bbox 412 791 476 869; x_wconf 85' lang='lat' dir='ltr'><strong>Te,</strong></span> <span class='ocrx_word' id='word_1_15' title='bbox 497 790 672 869; x_wconf 83' lang='lat' dir='ltr'>Liciniana,</span> <span class='ocrx_word' id='word_1_16' title='bbox 692 789 875 868; x_wconf 76' lang='lat' dir='ltr'><strong>gloriabitur</strong></span> <span class='ocrx_word' id='word_1_17' title='bbox 888 794 1010 867; x_wconf 68' lang='lat' dir='ltr'><strong>nostra3</strong></span> 
     </span>
    </p>
   </div>
   <div class='ocr_carea' id='block_1_4' title="bbox 451 870 857 936">
    <p class='ocr_par' dir='ltr' id='par_1_4' title="bbox 451 870 857 936">
     <span class='ocr_line' id='line_1_6' title="bbox 451 870 857 936; baseline -0.007 0"><span class='ocrx_word' id='word_1_18' title='bbox 451 876 516 936; x_wconf 89' lang='lat' dir='ltr'><strong>Nec</strong></span> <span class='ocrx_word' id='word_1_19' title='bbox 530 892 579 934; x_wconf 90' lang='lat' dir='ltr'><strong>me</strong></span> <span class='ocrx_word' id='word_1_20' title='bbox 592 875 709 935; x_wconf 87' lang='lat' dir='ltr'><strong>tacebit</strong></span> <span class='ocrx_word' id='word_1_21' title='bbox 723 870 857 934; x_wconf 79' lang='lat' dir='ltr'><strong>Bilbilis.</strong></span> 
     </span>
    </p>
   </div>
   <div class='ocr_carea' id='block_1_5' title="bbox 801 997 975 1067">
    <p class='ocr_par' dir='ltr' id='par_1_5' title="bbox 801 997 975 1067">
     <span class='ocr_line' id='line_1_7' title="bbox 801 997 975 1067; baseline 0 -1"><span class='ocrx_word' id='word_1_22' title='bbox 801 1004 894 1067; x_wconf 85' lang='lat' dir='ltr'>LXII.</span> <span class='ocrx_word' id='word_1_23' title='bbox 970 997 975 1005; x_wconf 80' lang='grc'>’</span> 
     </span>
    </p>
   </div>
   <div class='ocr_carea' id='block_1_6' title="bbox 390 1116 1250 1619">
    <p class='ocr_par' dir='ltr' id='par_1_6' title="bbox 412 1116 1138 1285">
     <span class='ocr_line' id='line_1_8' title="bbox 412 1116 1138 1199; baseline -0.003 -16"><span class='ocrx_word' id='word_1_24' title='bbox 412 1123 504 1183; x_wconf 84' lang='lat' dir='ltr'><strong>Casta</strong></span> <span class='ocrx_word' id='word_1_25' title='bbox 519 1140 578 1182; x_wconf 91' lang='lat' dir='ltr'><strong>nec</strong></span> <span class='ocrx_word' id='word_1_26' title='bbox 591 1120 724 1199; x_wconf 76' lang='lat' dir='ltr'><strong>antiquis</strong></span> <span class='ocrx_word' id='word_1_27' title='bbox 739 1116 854 1179; x_wconf 83' lang='lat' dir='ltr'>cedens</span> <span class='ocrx_word' id='word_1_28' title='bbox 867 1116 1001 1178; x_wconf 83' lang='lat' dir='ltr'>Laevina</span> <span class='ocrx_word' id='word_1_29' title='bbox 1015 1116 1138 1181; x_wconf 87' lang='lat' dir='ltr'>Sabinis</span> 
     </span>
     <span class='ocr_line' id='line_1_9' title="bbox 451 1202 1062 1285; baseline -0.005 -20"><span class='ocrx_word' id='word_1_30' title='bbox 451 1207 493 1266; x_wconf 81' lang='lat' dir='ltr'><strong>Et</strong></span> <span class='ocrx_word' id='word_1_31' title='bbox 507 1205 641 1285; x_wconf 84' lang='lat' dir='ltr'><strong>quamvis</strong></span> <span class='ocrx_word' id='word_1_32' title='bbox 655 1204 768 1263; x_wconf 87' lang='lat' dir='ltr'><strong>tetrico</strong></span> <span class='ocrx_word' id='word_1_33' title='bbox 780 1202 902 1261; x_wconf 83' lang='lat' dir='ltr'><strong>tristior</strong></span> <span class='ocrx_word' id='word_1_34' title='bbox 915 1202 982 1282; x_wconf 82' lang='lat' dir='ltr'><strong>ipsa</strong></span> <span class='ocrx_word' id='word_1_35' title='bbox 996 1203 1062 1262; x_wconf 83' lang='lat' dir='ltr'><strong>viro</strong></span> 
     </span>
    </p>

    <p class='ocr_par' dir='ltr' id='par_1_7' title="bbox 410 1283 1250 1448">
     <span class='ocr_line' id='line_1_10' title="bbox 410 1283 1250 1369; baseline 0.001 -19"><span class='ocrx_word' id='word_1_36' title='bbox 410 1291 489 1350; x_wconf 85' lang='lat' dir='ltr'><strong>Dum</strong></span> <span class='ocrx_word' id='word_1_37' title='bbox 503 1286 593 1347; x_wconf 88' lang='lat' dir='ltr'><strong>modo</strong></span> <span class='ocrx_word' id='word_1_38' title='bbox 608 1287 760 1364; x_wconf 86' lang='lat' dir='ltr'><strong>Lucrino,</strong></span> <span class='ocrx_word' id='word_1_39' title='bbox 781 1283 873 1344; x_wconf 86' lang='lat' dir='ltr'><strong>modo</strong></span> <span class='ocrx_word' id='word_1_40' title='bbox 889 1302 923 1344; x_wconf 87' lang='lat' dir='ltr'><strong>sc</strong></span> <span class='ocrx_word' id='word_1_41' title='bbox 938 1286 1250 1369; x_wconf 76' lang='lat' dir='ltr'><strong>permittlt&#39;Avernc,</strong></span> 
     </span>
     <span class='ocr_line' id='line_1_11' title="bbox 441 1368 1079 1448; baseline -0.005 -16"><span class='ocrx_word' id='word_1_42' title='bbox 441 1375 493 1432; x_wconf 81' lang='lat' dir='ltr'><strong>&#39;Et&#39;</strong></span> <span class='ocrx_word' id='word_1_43' title='bbox 507 1371 578 1431; x_wconf 86' lang='lat' dir='ltr'><strong>dum</strong></span> <span class='ocrx_word' id='word_1_44' title='bbox 592 1371 714 1430; x_wconf 84' lang='lat' dir='ltr'>Baianis</span> <span class='ocrx_word' id='word_1_45' title='bbox 729 1387 823 1448; x_wconf 89' lang='lat' dir='ltr'>saepe</span> <span class='ocrx_word' id='word_1_46' title='bbox 837 1368 962 1428; x_wconf 82' lang='lat' dir='ltr'><strong>fovetur</strong></span> <span class='ocrx_word' id='word_1_47' title='bbox 975 1371 1079 1448; x_wconf 83' lang='lat' dir='ltr'><strong>aquis,</strong></span> 
     </span>
    </p>

    <p class='ocr_par' dir='ltr' id='par_1_8' title="bbox 390 1451 1191 1619">
     <span class='ocr_line' id='line_1_12' title="bbox 390 1451 1191 1531; baseline 0.001 -15"><span class='ocrx_word' id='word_1_48' title='bbox 390 1454 526 1517; x_wconf 72' lang='lat' dir='ltr'><strong>alncidit</strong></span> <span class='ocrx_word' id='word_1_49' title='bbox 537 1456 571 1514; x_wconf 87' lang='lat' dir='ltr'><strong>in</strong></span> <span class='ocrx_word' id='word_1_50' title='bbox 584 1456 719 1515; x_wconf 85' lang='lat' dir='ltr'>flammas</span> <span class='ocrx_word' id='word_1_51' title='bbox 735 1454 939 1531; x_wconf 80' lang='lat' dir='ltr'><strong>iuvenemque</strong></span> <span class='ocrx_word' id='word_1_52' title='bbox 954 1458 1060 1514; x_wconf 84' lang='lat' dir='ltr'><strong>secuta</strong></span> <span class='ocrx_word' id='word_1_53' title='bbox 1078 1451 1191 1517; x_wconf 84' lang='lat' dir='ltr'><strong>relicto</strong></span> 
     </span>
     <span class='ocr_line' id='line_1_13' title="bbox 452 1534 1117 1619; baseline 0 -19"><span class='ocrx_word' id='word_1_54' title='bbox 452 1539 590 1618; x_wconf 79' lang='lat' dir='ltr'><strong>Coniuge</strong></span> <span class='ocrx_word' id='word_1_55' title='bbox 603 1536 763 1619; x_wconf 87' lang='lat' dir='ltr'>Penelope</span> <span class='ocrx_word' id='word_1_56' title='bbox 780 1537 881 1615; x_wconf 83' lang='lat' dir='ltr'>venit,</span> <span class='ocrx_word' id='word_1_57' title='bbox 903 1534 969 1598; x_wconf 84' lang='lat' dir='ltr'><strong>abit</strong></span> <span class='ocrx_word' id='word_1_58' title='bbox 981 1536 1117 1602; x_wconf 85' lang='lat' dir='ltr'>Helene.</span> 
     </span>
    </p>
   </div>
   <div class='ocr_carea' id='block_1_7' title="bbox 790 1669 895 1730">
    <p class='ocr_par' dir='ltr' id='par_1_9' title="bbox 790 1669 895 1730">
     <span class='ocr_line' id='line_1_14' title="bbox 790 1669 895 1730; baseline 0 0"><span class='ocrx_word' id='word_1_59' title='bbox 790 1669 895 1730; x_wconf 86' lang='lat' dir='ltr'>LXIII.</span> 
     </span>
    </p>
   </div>
   <div class='ocr_carea' id='block_1_8' title="bbox 409 1780 1255 1947">
    <p class='ocr_par' dir='ltr' id='par_1_10' title="bbox 409 1780 1255 1947">
     <span class='ocr_line' id='line_1_15' title="bbox 409 1780 1255 1860; baseline 0 -15"><span class='ocrx_word' id='word_1_60' title='bbox 409 1784 452 1845; x_wconf 92' lang='lat' dir='ltr'><strong>Ut</strong></span> <span class='ocrx_word' id='word_1_61' title='bbox 466 1785 596 1844; x_wconf 82' lang='lat' dir='ltr'><strong>recItem</strong></span> <span class='ocrx_word' id='word_1_62' title='bbox 610 1783 669 1844; x_wconf 90' lang='lat' dir='ltr'><strong>tibi</strong></span> <span class='ocrx_word' id='word_1_63' title='bbox 682 1787 787 1842; x_wconf 83' lang='lat' dir='ltr'><strong>nostra</strong></span> <span class='ocrx_word' id='word_1_64' title='bbox 800 1798 891 1858; x_wconf 76' lang='lat' dir='ltr'><strong>rogas</strong></span> <span class='ocrx_word' id='word_1_65' title='bbox 906 1780 1133 1860; x_wconf 82' lang='lat' dir='ltr'><strong>epigrammata.</strong></span> <span class='ocrx_word' id='word_1_66' title='bbox 1166 1781 1255 1846; x_wconf 86' lang='lat' dir='ltr'>Nolo.</span> 
     </span>
     <span class='ocr_line' id='line_1_16' title="bbox 450 1862 1133 1947; baseline 0.003 -20"><span class='ocrx_word' id='word_1_67' title='bbox 450 1867 519 1927; x_wconf 90' lang='lat' dir='ltr'><strong>Non</strong></span> <span class='ocrx_word' id='word_1_68' title='bbox 534 1866 658 1947; x_wconf 86' lang='lat' dir='ltr'>andire,</span> <span class='ocrx_word' id='word_1_69' title='bbox 681 1865 793 1943; x_wconf 81' lang='lat' dir='ltr'>Celer,</span> <span class='ocrx_word' id='word_1_70' title='bbox 815 1862 874 1923; x_wconf 85' lang='lat' dir='ltr'><strong>sed</strong></span> <span class='ocrx_word' id='word_1_71' title='bbox 886 1864 1022 1925; x_wconf 82' lang='lat' dir='ltr'><strong>recitare</strong></span> <span class='ocrx_word' id='word_1_72' title='bbox 1037 1867 1133 1946; x_wconf 85' lang='lat' dir='ltr'><strong>cupis.</strong></span> 
     </span>
    </p>
   </div>
   <div class='ocr_carea' id='block_1_9' title="bbox 793 1994 967 2061">
    <p class='ocr_par' dir='ltr' id='par_1_11' title="bbox 793 1994 967 2061">
     <span class='ocr_line' id='line_1_17' title="bbox 793 1994 967 2061; baseline 0.011 -3"><span class='ocrx_word' id='word_1_73' title='bbox 793 1996 903 2061; x_wconf 85' lang='lat' dir='ltr'>LXIV.</span> <span class='ocrx_word' id='word_1_74' title='bbox 963 1994 967 2001; x_wconf 82' lang='lat'>&#39;</span> 
     </span>
    </p>
   </div>
   <div class='ocr_carea' id='block_1_10' title="bbox 408 2106 1138 2444">
    <p class='ocr_par' dir='ltr' id='par_1_12' title="bbox 408 2106 1138 2277">
     <span class='ocr_line' id='line_1_18' title="bbox 409 2106 1138 2191; baseline 0.001 -20"><span class='ocrx_word' id='word_1_75' title='bbox 409 2112 496 2173; x_wconf 83' lang='lat' dir='ltr'>Bella</span> <span class='ocrx_word' id='word_1_76' title='bbox 509 2131 559 2191; x_wconf 86' lang='lat' dir='ltr'><strong>es,</strong></span> <span class='ocrx_word' id='word_1_77' title='bbox 581 2114 735 2191; x_wconf 86' lang='lat' dir='ltr'><strong>novimus,</strong></span> <span class='ocrx_word' id='word_1_78' title='bbox 757 2118 790 2171; x_wconf 84' lang='lat' dir='ltr'><strong>et</strong></span> <span class='ocrx_word' id='word_1_79' title='bbox 806 2106 930 2191; x_wconf 85' lang='lat' dir='ltr'>puella,</span> <span class='ocrx_word' id='word_1_80' title='bbox 948 2116 1138 2191; x_wconf 71' lang='lat' dir='ltr'><strong>serumst,</strong></span> 
     </span>
     <span class='ocr_line' id='line_1_19' title="bbox 408 2195 1020 2277; baseline -0.003 -22"><span class='ocrx_word' id='word_1_81' title='bbox 408 2197 451 2256; x_wconf 84' lang='lat' dir='ltr'><strong>Et</strong></span> <span class='ocrx_word' id='word_1_82' title='bbox 464 2195 564 2273; x_wconf 83' lang='lat' dir='ltr'><strong>dives,</strong></span> <span class='ocrx_word' id='word_1_83' title='bbox 583 2198 651 2277; x_wconf 88' lang='lat' dir='ltr'><strong>quis</strong></span> <span class='ocrx_word' id='word_1_84' title='bbox 666 2198 748 2256; x_wconf 91' lang='lat' dir='ltr'><strong>cnim</strong></span> <span class='ocrx_word' id='word_1_85' title='bbox 761 2198 867 2276; x_wconf 85' lang='lat' dir='ltr'><strong>potest</strong></span> <span class='ocrx_word' id='word_1_86' title='bbox 881 2195 1020 2270; x_wconf 71' lang='lat' dir='ltr'><strong>negare?</strong></span> 
     </span>
    </p>

    <p class='ocr_par' dir='ltr' id='par_1_13' title="bbox 408 2274 1074 2444">
     <span class='ocr_line' id='line_1_20' title="bbox 409 2274 1074 2356; baseline -0.002 -18"><span class='ocrx_word' id='word_1_87' title='bbox 409 2277 474 2338; x_wconf 86' lang='lat' dir='ltr'><strong>Sed</strong></span> <span class='ocrx_word' id='word_1_88' title='bbox 489 2299 557 2340; x_wconf 87' lang='lat' dir='ltr'><strong>curn</strong></span> <span class='ocrx_word' id='word_1_89' title='bbox 572 2286 606 2340; x_wconf 89' lang='lat' dir='ltr'><strong>te</strong></span> <span class='ocrx_word' id='word_1_90' title='bbox 619 2281 761 2356; x_wconf 83' lang='lat' dir='ltr'>nimium,</span> <span class='ocrx_word' id='word_1_91' title='bbox 781 2275 926 2354; x_wconf 83' lang='lat' dir='ltr'>Fabulla,</span> <span class='ocrx_word' id='word_1_92' title='bbox 947 2274 1074 2356; x_wconf 83' lang='lat' dir='ltr'><strong>laudas,</strong></span> 
     </span>
     <span class='ocr_line' id='line_1_21' title="bbox 408 2359 1043 2444; baseline -0.003 -22"><span class='ocrx_word' id='word_1_93' title='bbox 408 2362 474 2422; x_wconf 90' lang='lat' dir='ltr'><strong>Nec</strong></span> <span class='ocrx_word' id='word_1_94' title='bbox 492 2361 577 2423; x_wconf 77' lang='lat' dir='ltr'><strong>diues</strong></span> <span class='ocrx_word' id='word_1_95' title='bbox 591 2381 694 2444; x_wconf 89' lang='lat' dir='ltr'>neque</span> <span class='ocrx_word' id='word_1_96' title='bbox 708 2361 792 2422; x_wconf 89' lang='lat' dir='ltr'>bella</span> <span class='ocrx_word' id='word_1_97' title='bbox 806 2377 865 2420; x_wconf 88' lang='lat' dir='ltr'><strong>nec</strong></span> <span class='ocrx_word' id='word_1_98' title='bbox 879 2359 986 2441; x_wconf 80' lang='lat' dir='ltr'>puella</span> <span class='ocrx_word' id='word_1_99' title='bbox 1000 2380 1043 2422; x_wconf 89' lang='lat' dir='ltr'><strong>es.</strong></span> 
     </span>
    </p>
   </div>
   <div class='ocr_carea' id='block_1_11' title="bbox 800 2495 897 2560">
    <p class='ocr_par' dir='ltr' id='par_1_14' title="bbox 800 2495 897 2560">
     <span class='ocr_line' id='line_1_22' title="bbox 800 2495 897 2560; baseline 0.062 -6"><span class='ocrx_word' id='word_1_100' title='bbox 800 2495 897 2560; x_wconf 84' lang='lat' dir='ltr'>LXV.</span> 
     </span>
    </p>
   </div>
   <div class='ocr_carea' id='block_1_12' title="bbox 286 2605 1091 2689">
    <p class='ocr_par' dir='ltr' id='par_1_15' title="bbox 286 2605 1091 2689">
     <span class='ocr_line' id='line_1_23' title="bbox 286 2605 1091 2689; baseline 0 -20"><span class='ocrx_word' id='word_1_101' title='bbox 286 2653 290 2657; x_wconf 89' lang='lat'><em>-</em></span> <span class='ocrx_word' id='word_1_102' title='bbox 367 2607 443 2669; x_wconf 80' lang='lat' dir='ltr'><strong>Cum</strong></span> <span class='ocrx_word' id='word_1_103' title='bbox 458 2606 521 2668; x_wconf 81' lang='lat' dir='ltr'>(liri</span> <span class='ocrx_word' id='word_1_104' title='bbox 535 2608 627 2685; x_wconf 86' lang='lat' dir='ltr'><strong>licus,</strong></span> <span class='ocrx_word' id='word_1_105' title='bbox 648 2605 735 2668; x_wconf 86' lang='lat' dir='ltr'><strong>rides</strong></span> <span class='ocrx_word' id='word_1_106' title='bbox 753 2609 838 2682; x_wconf 89' lang='lat' dir='ltr'><strong>quasi</strong></span> <span class='ocrx_word' id='word_1_107' title='bbox 851 2609 983 2669; x_wconf 87' lang='lat' dir='ltr'><strong>barbara</strong></span> <span class='ocrx_word' id='word_1_108' title='bbox 995 2609 1091 2689; x_wconf 73' lang='lat' dir='ltr'>verba</span> 
     </span>
    </p>
   </div>
   <div class='ocr_carea' id='block_1_13' title="bbox 365 2690 1129 2939">
    <p class='ocr_par' dir='ltr' id='par_1_16' title="bbox 365 2690 1129 2939">
     <span class='ocr_line' id='line_1_24' title="bbox 407 2690 968 2770; baseline 0 -17"><span class='ocrx_word' id='word_1_109' title='bbox 407 2690 632 2770; x_wconf 69' lang='lat' dir='ltr'><strong>nectareos,</strong></span> <span class='ocrx_word' id='word_1_110' title='bbox 655 2691 849 2770; x_wconf 75' lang='lat' dir='ltr'><strong>caeciliane,</strong></span> <span class='ocrx_word' id='word_1_111' title='bbox 870 2693 968 2753; x_wconf 87' lang='lat' dir='ltr'><strong>iubes.</strong></span> 
     </span>
     <span class='ocr_line' id='line_1_25' title="bbox 365 2775 1129 2855; baseline 0 -21"><span class='ocrx_word' id='word_1_112' title='bbox 365 2775 509 2836; x_wconf 78' lang='lat' dir='ltr'><strong>Dicemus</strong></span> <span class='ocrx_word' id='word_1_113' title='bbox 525 2776 618 2854; x_wconf 85' lang='lat' dir='ltr'><strong>licus,</strong></span> <span class='ocrx_word' id='word_1_114' title='bbox 641 2795 716 2855; x_wconf 85' lang='lat' dir='ltr'><strong>quas</strong></span> <span class='ocrx_word' id='word_1_115' title='bbox 730 2777 843 2835; x_wconf 90' lang='lat' dir='ltr'><strong>scimus</strong></span> <span class='ocrx_word' id='word_1_116' title='bbox 857 2777 890 2835; x_wconf 91' lang='lat' dir='ltr'><strong>in</strong></span> <span class='ocrx_word' id='word_1_117' title='bbox 904 2778 1016 2837; x_wconf 88' lang='lat' dir='ltr'><strong>arbore</strong></span> <span class='ocrx_word' id='word_1_118' title='bbox 1029 2775 1129 2855; x_wconf 83' lang='lat' dir='ltr'><strong>nascI,</strong></span> 
     </span>
     <span class='ocr_line' id='line_1_26' title="bbox 407 2857 969 2939; baseline 0.005 -20"><span class='ocrx_word' id='word_1_119' title='bbox 407 2860 550 2921; x_wconf 87' lang='lat' dir='ltr'><strong>Dicemus</strong></span> <span class='ocrx_word' id='word_1_120' title='bbox 562 2861 656 2939; x_wconf 82' lang='lat' dir='ltr'><strong>ficos,</strong></span> <span class='ocrx_word' id='word_1_121' title='bbox 677 2857 870 2938; x_wconf 74' lang='lat' dir='ltr'><strong>caeciliane,</strong></span> <span class='ocrx_word' id='word_1_122' title='bbox 890 2864 969 2922; x_wconf 88' lang='lat' dir='ltr'><strong>tuos.</strong></span> 
     </span>
    </p>
   </div>
   <div class='ocr_carea' id='block_1_14' title="bbox 785 3005 896 3068">
    <p class='ocr_par' dir='ltr' id='par_1_17' title="bbox 785 3005 896 3068">
     <span class='ocr_line' id='line_1_27' title="bbox 785 3005 896 3068; baseline 0.027 -3"><span class='ocrx_word' id='word_1_123' title='bbox 785 3005 896 3068; x_wconf 86' lang='lat' dir='ltr'>LXVI.</span> 
     </span>
    </p>
   </div>
   <div class='ocr_carea' id='block_1_15' title="bbox 385 3117 1166 3616">
    <p class='ocr_par' dir='ltr' id='par_1_18' title="bbox 406 3117 1006 3197">
     <span class='ocr_line' id='line_1_28' title="bbox 406 3117 1006 3197; baseline 0 -19"><span class='ocrx_word' id='word_1_124' title='bbox 406 3118 502 3178; x_wconf 82' lang='lat' dir='ltr'><strong>Erras</strong></span> <span class='ocrx_word' id='word_1_125' title='bbox 515 3136 654 3179; x_wconf 88' lang='lat' dir='ltr'><strong>meorum</strong></span> <span class='ocrx_word' id='word_1_126' title='bbox 668 3119 718 3178; x_wconf 85' lang='lat' dir='ltr'><strong>fur</strong></span> <span class='ocrx_word' id='word_1_127' title='bbox 733 3138 822 3180; x_wconf 87' lang='lat' dir='ltr'>avare</span> <span class='ocrx_word' id='word_1_128' title='bbox 836 3117 1006 3197; x_wconf 85' lang='lat' dir='ltr'><strong>librorum,</strong></span> 
     </span>
    </p>

    <p class='ocr_par' dir='ltr' id='par_1_19' title="bbox 385 3201 1166 3616">
     <span class='ocr_line' id='line_1_29' title="bbox 406 3201 1030 3284; baseline 0 -22"><span class='ocrx_word' id='word_1_129' title='bbox 406 3201 498 3262; x_wconf 85' lang='lat' dir='ltr'>Fieri</span> <span class='ocrx_word' id='word_1_130' title='bbox 507 3208 631 3283; x_wconf 84' lang='lat' dir='ltr'>poetam</span> <span class='ocrx_word' id='word_1_131' title='bbox 644 3221 736 3284; x_wconf 84' lang='lat' dir='ltr'><strong>posse</strong></span> <span class='ocrx_word' id='word_1_132' title='bbox 751 3204 804 3283; x_wconf 89' lang='lat' dir='ltr'><strong>qni</strong></span> <span class='ocrx_word' id='word_1_133' title='bbox 819 3210 909 3283; x_wconf 86' lang='lat' dir='ltr'><strong>putas</strong></span> <span class='ocrx_word' id='word_1_134' title='bbox 922 3209 1030 3281; x_wconf 86' lang='lat' dir='ltr'><strong>tanto,</strong></span> 
     </span>
     <span class='ocr_line' id='line_1_30' title="bbox 408 3284 1089 3366; baseline 0.007 -22"><span class='ocrx_word' id='word_1_135' title='bbox 408 3284 568 3366; x_wconf 83' lang='lat' dir='ltr'><strong>Scriptura</strong></span> <span class='ocrx_word' id='word_1_136' title='bbox 585 3288 692 3365; x_wconf 89' lang='lat' dir='ltr'><strong>quanti</strong></span> <span class='ocrx_word' id='word_1_137' title='bbox 707 3292 828 3347; x_wconf 87' lang='lat' dir='ltr'><strong>constat</strong></span> <span class='ocrx_word' id='word_1_138' title='bbox 845 3292 878 3346; x_wconf 91' lang='lat' dir='ltr'><strong>ct</strong></span> <span class='ocrx_word' id='word_1_139' title='bbox 891 3293 992 3346; x_wconf 88' lang='lat' dir='ltr'><strong>tomus</strong></span> <span class='ocrx_word' id='word_1_140' title='bbox 1008 3285 1089 3351; x_wconf 80' lang='lat' dir='ltr'><strong>ullis.</strong></span> 
     </span>
     <span class='ocr_line' id='line_1_31' title="bbox 406 3367 1166 3450; baseline 0.001 -23"><span class='ocrx_word' id='word_1_141' title='bbox 406 3367 475 3427; x_wconf 88' lang='lat' dir='ltr'><strong>Non</strong></span> <span class='ocrx_word' id='word_1_142' title='bbox 489 3388 543 3429; x_wconf 83' lang='lat' dir='ltr'><strong>sex</strong></span> <span class='ocrx_word' id='word_1_143' title='bbox 558 3377 684 3449; x_wconf 86' lang='lat' dir='ltr'><strong>paratur</strong></span> <span class='ocrx_word' id='word_1_144' title='bbox 698 3377 750 3430; x_wconf 88' lang='lat' dir='ltr'><strong>aut</strong></span> <span class='ocrx_word' id='word_1_145' title='bbox 765 3369 875 3431; x_wconf 86' lang='lat' dir='ltr'>decem</span> <span class='ocrx_word' id='word_1_146' title='bbox 889 3372 1004 3450; x_wconf 87' lang='lat' dir='ltr'><strong>sophos</strong></span> <span class='ocrx_word' id='word_1_147' title='bbox 1020 3370 1166 3431; x_wconf 87' lang='lat' dir='ltr'><strong>nummis:</strong></span> 
     </span>
     <span class='ocr_line' id='line_1_32' title="bbox 385 3450 1077 3532; baseline 0.003 -20"><span class='ocrx_word' id='word_1_148' title='bbox 385 3450 538 3512; x_wconf 85' lang='lat' dir='ltr'><strong>5Secreta</strong></span> <span class='ocrx_word' id='word_1_149' title='bbox 552 3472 667 3532; x_wconf 89' lang='lat' dir='ltr'><strong>quaere</strong></span> <span class='ocrx_word' id='word_1_150' title='bbox 681 3455 817 3514; x_wconf 89' lang='lat' dir='ltr'><strong>carmina</strong></span> <span class='ocrx_word' id='word_1_151' title='bbox 832 3461 864 3514; x_wconf 89' lang='lat' dir='ltr'><strong>et</strong></span> <span class='ocrx_word' id='word_1_152' title='bbox 878 3453 973 3514; x_wconf 85' lang='lat' dir='ltr'><strong>rudes</strong></span> <span class='ocrx_word' id='word_1_153' title='bbox 989 3474 1077 3514; x_wconf 90' lang='lat' dir='ltr'><strong>curas</strong></span> 
     </span>
     <span class='ocr_line' id='line_1_33' title="bbox 408 3533 1025 3616; baseline 0.008 -24"><span class='ocrx_word' id='word_1_154' title='bbox 408 3533 489 3609; x_wconf 80' lang='lat' dir='ltr'><strong>Quas</strong></span> <span class='ocrx_word' id='word_1_155' title='bbox 503 3538 589 3595; x_wconf 88' lang='lat' dir='ltr'>novit</span> <span class='ocrx_word' id='word_1_156' title='bbox 602 3556 679 3596; x_wconf 89' lang='lat' dir='ltr'><strong>unus</strong></span> <span class='ocrx_word' id='word_1_157' title='bbox 694 3538 874 3616; x_wconf 88' lang='lat' dir='ltr'><strong>scrinioque</strong></span> <span class='ocrx_word' id='word_1_158' title='bbox 890 3539 1025 3616; x_wconf 82' lang='lat' dir='ltr'><strong>algnatas</strong></span> 
     </span>
    </p>
   </div>
   <div class='ocr_carea' id='block_1_16' title="bbox 308 3617 1045 3700">
    <p class='ocr_par' dir='ltr' id='par_1_20' title="bbox 308 3617 1045 3700">
     <span class='ocr_line' id='line_1_34' title="bbox 308 3617 1045 3700; baseline 0.004 -22"><span class='ocrx_word' id='word_1_159' title='bbox 308 3644 312 3653; x_wconf 61' lang='lat'><strong><em>¹</em></strong></span> <span class='ocrx_word' id='word_1_160' title='bbox 408 3617 552 3678; x_wconf 77' lang='lat' dir='ltr'><strong>Custodit</strong></span> <span class='ocrx_word' id='word_1_161' title='bbox 566 3621 634 3699; x_wconf 87' lang='lat' dir='ltr'><strong>ipse</strong></span> <span class='ocrx_word' id='word_1_162' title='bbox 651 3621 780 3699; x_wconf 79' lang='lat' dir='ltr'><strong>virginis</strong></span> <span class='ocrx_word' id='word_1_163' title='bbox 794 3627 886 3700; x_wconf 89' lang='lat' dir='ltr'><strong>pater</strong></span> <span class='ocrx_word' id='word_1_164' title='bbox 900 3623 1045 3700; x_wconf 86' lang='lat' dir='ltr'><strong>chartae,</strong></span> 
     </span>
    </p>
   </div>
   <div class='ocr_carea' id='block_1_17' title="bbox 408 3701 1052 3777">
    <p class='ocr_par' dir='ltr' id='par_1_21' title="bbox 408 3701 1052 3777">
     <span class='ocr_line' id='line_1_35' title="bbox 408 3701 1052 3777; baseline 0.012 -17"><span class='ocrx_word' id='word_1_165' title='bbox 408 3701 492 3777; x_wconf 78' lang='lat' dir='ltr'><strong>Quae</strong></span> <span class='ocrx_word' id='word_1_166' title='bbox 506 3702 580 3762; x_wconf 86' lang='lat' dir='ltr'><strong>trlta</strong></span> <span class='ocrx_word' id='word_1_167' title='bbox 595 3702 672 3763; x_wconf 88' lang='lat' dir='ltr'><strong>duro</strong></span> <span class='ocrx_word' id='word_1_168' title='bbox 687 3723 749 3764; x_wconf 88' lang='lat' dir='ltr'><strong>non</strong></span> <span class='ocrx_word' id='word_1_169' title='bbox 766 3705 924 3768; x_wconf 87' lang='lat' dir='ltr'><strong>Inhorrnit</strong></span> <span class='ocrx_word' id='word_1_170' title='bbox 937 3711 1052 3768; x_wconf 87' lang='lat' dir='ltr'>mento.</span> 
     </span>
    </p>
   </div>
   <div class='ocr_carea' id='block_1_18' title="bbox 0 0 1638 4409">
    <p class='ocr_par' dir='ltr' id='par_1_22' title="bbox 0 0 1638 4409">
     <span class='ocr_line' id='line_1_36' title="bbox 0 0 1638 4409; baseline 0 4"><span class='ocrx_word' id='word_1_171' title='bbox 0 0 1638 4409; x_wconf 95' lang='lat' dir='ltr'><strong> </strong></span> 
     </span>
    </p>
   </div>
  </div>
 </body>
</html>
