3267 4409
359 476 398 533 54
680 483 715 529 D.
738 481 810 529 IUN.
833 479 1019 529 Iuventus

357 625 423 686 Non
445 640 520 701 quae
540 628 664 681 ventoso
688 621 830 682 conducta
849 620 902 681 sub
922 635 1034 697 aggere
1052 619 1139 679 texit

358 708 421 768 Vos
442 705 582 780 humiles,
603 706 714 783 inquis,
736 706 816 781 vulgi
838 723 907 784 pars
929 704 1026 764 ultima
1046 704 1152 782 nostri,

360 791 488 866 Quorum
507 806 592 849 uerno
615 798 701 868 queat
724 791 845 868 patriarn
865 798 1027 848 monstrare
1049 789 1200 864 parentis:

359 876 413 935 Ast
436 892 493 952 ego
514 872 753 951 Cecropidesl-
766 874 856 933 Vivas
869 884 899 934 et
913 874 1032 950 originis
1047 870 1132 955 buius
1160 924 1171 947 Ι

360 957 468 1020 Gaudia
486 958 573 1035 longa
591 957 686 1017 feras:
709 966 804 1017 tamen
825 959 882 1018 ima
902 956 991 1034 plebe
1012 953 1156 1028 Quiritem

358 1041 522 1103 Facundum
543 1041 689 1110 invenies;
713 1040 789 1101 solet
810 1042 858 1101 bio
880 1041 1041 1100 defendere
1064 1056 1171 1101 causas

359 1126 473 1186 Nobilis
493 1125 616 1193 indocti;
639 1126 718 1185 venit
737 1134 767 1183 et
788 1125 826 1185 de
847 1124 936 1202 plebe
960 1130 1069 1200 togata,

360 1210 415 1283 Qui
433 1211 502 1268 iuris
523 1209 616 1268 nodos
637 1217 667 1268 et
686 1209 784 1286 legum
806 1210 967 1285 aenigmata
988 1207 1091 1266 solvat.

359 1284 413 1353 llic
436 1295 507 1371 petit
526 1291 694 1370 Euphraten
713 1294 826 1352 iuvenis
845 1292 1003 1370 domitique
1025 1290 1127 1350 batavi

360 1376 506 1437 Custodes
528 1377 656 1455 aquilas,
679 1378 765 1436 armis
787 1377 956 1441 industrius:
975 1383 1005 1435 at
1026 1382 1055 1434 tu

359 1460 406 1521 Nil
429 1462 482 1520 nisi
505 1458 686 1539 Cecropides
706 1470 868 1538 truncoque
892 1459 1050 1520 simillimus
1072 1456 1213 1518 Hermae.

359 1544 447 1603 Nullo
470 1545 579 1622 quippe
600 1544 658 1605 alio
678 1546 770 1605 vincis
793 1544 973 1619 discrimine,
996 1560 1082 1621 quam
1097 1542 1183 1622 quod

359 1628 404 1687 llli
425 1644 615 1688 marmoreum
638 1637 724 1706 caput
746 1638 808 1703 est,
831 1638 879 1688 tua
900 1628 971 1687 vivit
991 1628 1101 1703 imago.-

360 1712 415 1771 Dic
436 1710 519 1786 mibi,
543 1710 721 1771 Teucrorum
741 1713 859 1790 proles,
879 1711 1010 1772 animalia
1030 1716 1107 1770 muta

361 1795 432 1869 Quis
450 1811 596 1872 generosa
619 1803 716 1874 putet,
737 1797 790 1854 uisi
810 1792 918 1855 fortia?
937 1813 1041 1873 nernpe
1062 1792 1220 1857 volucrem

360 1880 410 1940 Sic
429 1878 576 1939 laudamus
596 1897 718 1956 equum,
742 1880 821 1939 iacili
843 1881 888 1940 cni
909 1879 1029 1959 plurima
1051 1877 1147 1957 palma

360 1962 469 2024 Fervet
491 1972 520 2022 et
541 1962 666 2023 exsultat
686 1981 775 2023 rauco
795 1965 916 2024 victoria
940 1965 1030 2024 circo.

360 2046 474 2107 Nobilis
496 2048 558 2123 hic,
581 2065 763 2127 quocumque
783 2050 862 2108 venit
884 2048 920 2108 de
941 2047 1081 2125 gramine,
1103 2046 1187 2108 ouius

362 2129 449 2191 Clara
470 2131 538 2208 fuga
561 2141 626 2191 ante
646 2132 720 2192 alios
742 2141 770 2192 et
792 2134 900 2211 primus
921 2133 950 2191 in
972 2148 1102 2209 aequore
1122 2131 1241 2210 pulvis;

347 2215 421 2279 ,Sed
439 2217 542 2275 venale
563 2234 655 2294 pecus
677 2214 845 2295 Coryphaei
869 2216 1023 2295 posteritas
1044 2224 1074 2274 et

361 2299 489 2378 Hirpini,
512 2301 537 2358 si
557 2318 622 2360 rara
644 2301 711 2377 iugo
734 2302 858 2361 victoria
878 2301 963 2360 sedit.

362 2381 408 2443 Nil
430 2383 469 2443 ibi
491 2385 628 2443 maiorum
649 2394 820 2463 respectus,
843 2387 936 2463 g'ratia
957 2383 1035 2444 nulla

361 2466 548 2538 Umbrarum;
572 2468 703 2527 dominos
726 2470 827 2546 pretiis
849 2478 958 2528 mutare
975 2467 1108 2528 iubentur

362 2549 483 2626 Exiguis
507 2553 573 2609 trito
596 2559 626 2609 et
648 2551 753 2612 ducunt
776 2553 907 2630 epiredia
930 2553 1008 2612 collo

363 2633 547 2712 Segnipedes
569 2633 706 2711 dignique
727 2635 833 2696 molam
853 2654 975 2697 versare
995 2644 1129 2715 nepotes.

362 2718 460 2795 Ergo,
483 2726 514 2778 ut
535 2719 670 2785 miremur
691 2728 736 2795 te,
759 2736 816 2778 uon
839 2729 902 2795 tua,
925 2722 1035 2799 privum
1053 2718 1163 2798 aliquid
1183 2719 1235 2797 da,

363 2802 448 2876 Quod
469 2804 578 2880 possim
602 2803 690 2862 titulis
712 2804 842 2865 incidere
864 2814 983 2883 praeter
1004 2805 1143 2879 bonores,

363 2886 444 2960 eros
466 2888 523 2948 illis
546 2887 645 2946 damus
667 2906 702 2948 ac
723 2889 870 2966 dedimus,
893 2888 997 2968 quibus
1020 2889 1115 2948 omnia
1135 2886 1245 2948 debes.
1321 2894 1354 2953 to

404 2971 484 3031 Haec
503 2973 571 3032 satis
592 2972 627 3031 ad
648 2973 797 3049 iuvenem,
818 2990 904 3051 quern
925 2973 1010 3033 nobis
1025 2972 1101 3033 lama
1122 2972 1289 3050 superbum

363 3053 462 3115 'lradit
484 3065 513 3115 et
534 3055 660 3115 indaturn
681 3057 855 3137 plenumque
876 3057 993 3117 Nerone
1016 3056 1191 3135 propinquo.

362 3136 455 3198 Rarus
477 3141 551 3198 enirn
574 3140 666 3200 ferme
687 3159 791 3201 sensus
811 3143 967 3202 communis
989 3143 1018 3200 in
1037 3141 1087 3202 illa

362 3219 504 3293 Fortuna;
522 3222 576 3283 sed
593 3232 624 3283 te
647 3227 763 3286 censeri
784 3225 870 3285 laude
892 3235 1015 3301 tuorum,

362 3303 498 3383 Pontice,
523 3308 664 3367 noluerim
687 3311 729 3369 siu
752 3318 781 3368 ut
802 3310 872 3368 nihil
894 3311 958 3388 ipse
981 3310 1093 3369 luturae
1131 3356 1134 3361 .
1322 3316 1354 3373 75

362 3386 466 3449 Laudis
490 3409 571 3467 agas.
616 3391 751 3475 Miserum
774 3402 819 3452 est
843 3394 964 3454 aliorum
985 3391 1152 3453 incumbere
1176 3392 1288 3470 lamae,

363 3470 407 3531 Ne
430 3473 561 3551 collapsa
583 3486 664 3535 ruant
687 3477 837 3538 subductis
857 3487 935 3539 tecta
957 3478 1108 3538 columnis.

364 3555 476 3615 Stratus
498 3556 573 3617 humi
595 3561 707 3637 palmes
726 3562 829 3621 viduas
850 3562 996 3622 desiderat
1014 3561 1117 3621 ulrnos.

363 3636 435 3696 Esto
457 3638 549 3699 bouus
569 3644 665 3721 miles,
688 3654 765 3705 tutor
786 3646 895 3721 bonus,
918 3646 1028 3707 arbiter
1048 3645 1123 3704 idern

364 3719 498 3800 Integer:
519 3724 672 3805 ambiguae
695 3728 719 3787 si
742 3730 856 3807 quando
880 3729 1010 3791 citabere
1032 3730 1118 3789 testis
1321 3736 1355 3793 w
