3267 4409
507 453 521 460 '
540 446 880 510 EPIGRAMMATON
894 448 967 512 LIB.
984 451 1019 513 11.
1259 453 1299 516 55

718 650 838 713 LXVII.

339 767 490 827 OccurrIs
505 784 689 845 quocunque
703 764 774 825 Ioco
788 766 881 842 mihi,
902 765 1064 846 Postume,
1086 768 1197 831 clamas

382 850 533 911 Protinus
553 856 587 910 et
600 852 699 930 prima
712 854 761 910 est
774 850 852 909 haec
866 856 918 909 tua
933 870 990 910 vox
1005 852 1108 929 „Quid
1121 855 1230 932 agruim

339 934 426 1011 Hoc,
450 937 477 994 si
490 953 540 994 me
556 933 683 995 deciens
696 954 755 993 una
770 935 952 993 conveneris
967 936 1060 1013 hora,

347 1072 351 1079 .
383 1019 485 1079 Dicis:
507 1020 604 1080 habes
618 1025 696 1099 puto
708 1023 759 1095 tu,
778 1018 940 1096 Postume,
962 1018 1008 1082 nil
1024 1019 1107 1099 quod
1123 1038 1203 1099 agas.

706 1151 838 1215 LXVIII.

342 1262 432 1339 Quod
446 1270 480 1360 tp
495 1263 620 1322 nominc
634 1263 695 1322 iam
709 1268 762 1322 tuo
780 1261 898 1341 saluto,

341 1347 440 1423 Quem
455 1364 563 1425 regem
577 1352 610 1405 et
625 1345 781 1406 dominum
796 1347 882 1426 prius
897 1350 1057 1427 vocabam,

341 1430 388 1491 Ne
400 1451 452 1492 me
467 1430 584 1490 dixeris
601 1448 670 1490 csse
685 1436 912 1491 contumacem:

341 1515 431 1576 Totis
448 1514 534 1596 pilea
549 1515 678 1574 sarcinis
691 1513 821 1576 redemi,

323 1598 446 1677 aneges
460 1606 495 1660 et
509 1598 648 1658 dominos
662 1599 778 1658 habere
796 1597 891 1658 debet

344 1684 401 1759 Qui
414 1702 451 1744 se
465 1683 653 1760 nonhabet,
675 1688 768 1761 atque
785 1682 988 1762 concupiscit

343 1765 432 1843 Quod
446 1786 539 1846 reges
555 1765 731 1844 dominique
747 1768 974 1846 concupiscunt.

344 1850 473 1911 Servum
488 1854 516 1911 si
529 1857 637 1931 potes,
663 1849 737 1928 cle,
758 1870 821 1909 non
834 1852 968 1929 habore,

342 1934 502 2015 stragem
516 1941 623 2015 potes,
647 1933 707 1995 Ole
721 1954 783 1993 non
797 1935 924 1996 habere.

723 2069 830 2130 LXIX.

344 2180 472 2241 inritum
487 2198 600 2240 cenare
614 2181 692 2241 ioris
706 2180 755 2260 t'e,
779 2180 933 2260 Classico,
956 2180 1050 2241 dicis:

382 2265 496 2325 Si‘uon
510 2266 669 2344 mentiris,
691 2265 847 2344 Classice‚
870 2266 1052 2346 dispeream.

343 2348 408 2429 ipse
425 2367 550 2428 quoque
566 2349 605 2409 ad
620 2368 726 2410 cenam
740 2350 893 2429 gaudebat
906 2351 1033 2429 Apicius
1047 2351 1109 2410 ire:

382 2435 461 2494 (ium
476 2441 605 2492 cenaret
619 2440 687 2494 erat
702 2435 824 2494 tristior
839 2433 911 2512 ille,
932 2435 1024 2494 domi.

327 2516 377 2578 tsi
389 2524 495 2577 tamen
508 2518 622 2578 inritus
637 2517 740 2596 vadis,
763 2539 834 2597 cur,
856 2517 1011 2597 Classico,
1032 2515 1139 2579 vadis?

382 2601 533 2681 „(iogor“
550 2603 612 2661 ais:
635 2621 741 2663 verum
757 2609 824 2678 est;
846 2604 1015 2681 cogitaret
1032 2602 1143 2663 Selius.

344 2684 492 2764 surrogat
506 2684 545 2745 ad
560 2704 665 2746 cenam
679 2685 860 2763 Melioris,
884 2687 1036 2765 Classico,
1059 2691 1184 2746 rectam.
1306 2753 1313 2766 Ι

382 2768 521 2830 Grandia
533 2771 626 2830 verba
641 2771 693 2831 ubi
709 2772 803 2831 sunt?
825 2772 979 2850 sivisse,
1001 2789 1091 2849 ecce,
1113 2787 1199 2848 nega.

729 2905 823 2967 LXX.

342 3015 406 3076 Non
420 3017 467 3076 ris
482 3017 516 3076 in
532 3013 610 3077 solio
623 3018 709 3097 prius
723 3015 821 3077 lavari
888 3076 890 3085 ,
1110 3066 1114 3081 .

343 3101 537 3179 Quemquam,
560 3100 677 3161 cotile:
700 3118 898 3178 consequae,
919 3102 979 3161 nisi
992 3101 1069 3160 haec
1085 3106 1149 3177 est,

343 3183 439 3244 Undis
454 3203 495 3244 ne
509 3185 642 3244 fovearis
656 3184 834 3245 irrumatis'i
867 3191 870 3199 '

342 3266 462 3328 Primus
478 3275 511 3328 te
523 3267 600 3329 licet
614 3268 733 3328 abluas:
747 3287 878 3329 necesse
896 3275 946 3328 est

344 3352 423 3413 Ante
438 3354 490 3414 hic
508 3342 660 3432 mentula,
682 3373 771 3431 quam
782 3359 890 3433 caput,
911 3351 1041 3412 lavetur.

617 3538 620 3544 .
722 3487 828 3549 LXXI.

346 3604 512 3666 Candidius
526 3605 604 3666 nihil
619 3613 668 3666 est
682 3612 732 3684 te,
756 3607 946 3667 Caeciliane:
966 3608 1086 3681 notavi,

382 3690 417 3750 Si
432 3689 553 3772 quando
569 3709 607 3783 ex
620 3693 736 3751 nostris
751 3690 883 3752 disticha
895 3711 992 3771 pauca
1007 3691 1094 3772 lego,
