3267 4409
309 265 1369 337 Ξ

1046 357 1052 365 ,

327 567 389 634 268
647 566 692 632 Μ.
710 568 805 632 VAL.
817 566 1042 630 MARTIALIS

411 723 475 784 Gur
488 738 547 781 nec
560 718 708 801 Pompeia
720 717 825 781 lentus
839 722 988 800 spatiatur
1002 722 1035 780 iu
1048 721 1171 802 umbra,
1273 780 1276 784 .

452 806 517 867 Nec
530 805 612 885 petit
624 804 785 865 Inachidos
800 804 927 865 limina?
955 805 1002 866 Ne
1016 805 1126 871 futuat.
1154 838 1157 845 «
1220 852 1229 859 .

389 891 476 953 50ur
490 886 732 949 Lacedaemonio
746 887 863 949 luteum
878 894 1032 949 ceromate
1047 907 1158 970 corpus

452 971 619 1035 Perfundit
632 970 736 1051 gelida
750 972 904 1051 Virginei
933 973 978 1033 Ne
992 973 1103 1037 futuat.

412 1059 489 1119 Cum
505 1057 549 1118 sic
562 1057 690 1116 feminei
705 1058 827 1134 generis
843 1057 983 1134 contagia
997 1058 1093 1135 vitet,

278 1164 283 1173 ·
392 1201 396 1210 ,
453 1143 517 1204 cur
529 1139 620 1221 lingit
633 1160 765 1202 cunnum
777 1140 927 1200 Lattara?
953 1141 999 1201 Ne
1013 1140 1123 1202 futnat.
1169 1141 1190 1157 ²

696 1252 698 1257 ’
777 1275 911 1338 xnvnr.

411 1372 503 1436 Silius
517 1374 594 1434 haec
608 1373 708 1452 magni
723 1372 863 1434 celebrat
878 1373 1064 1433 monimenta
1075 1371 1232 1454 Maronis,

337 1520 344 1529 ,
452 1459 561 1536 iugera
573 1456 697 1518 facundi
713 1460 765 1537 qui
780 1459 940 1518 Ciceronis
955 1457 1059 1517 habet.

412 1540 571 1602 Heredem
585 1540 800 1623 dominumque
815 1543 863 1602 sui
877 1539 1024 1601 tumulive
1037 1538 1151 1602 larisve

455 1626 524 1686 Non
539 1623 629 1685 alium
643 1624 751 1686 mallet
763 1645 823 1686 nec
837 1627 943 1705 Maro,
964 1643 1022 1686 nec
1037 1625 1159 1703 Cicero.
1208 1651 1215 1663 ’
1234 1674 1236 1678 ,

792 1758 898 1821 XLIX.

365 1846 367 1852 ¹
413 1859 474 1918 lam
487 1874 586 1938 prope
602 1855 743 1915 desertos
758 1856 880 1916 cinerea
896 1859 929 1915 et
943 1861 1048 1916 sancta
1061 1855 1201 1918 Maronis
1281 1909 1285 1915 .

458 1941 588 2002 Nomina
604 1941 656 2019 qui
672 1938 808 2017 coleret,
828 1958 946 2020 pauper
960 1946 992 1999 et
1006 1959 1083 1999 unus
1103 1934 1180 2001 erat.

417 2024 511 2086 Silius
528 2030 650 2105 optatae
665 2041 848 2083 succurrere
863 2024 984 2103 censuit
997 2025 1140 2103 umbrae,
1153 2085 1155 2088 ,

455 2109 547 2170 Silius
562 2115 596 2169 et
610 2114 708 2169 vatem
723 2127 786 2168 non
801 2109 900 2169 minus
915 2109 984 2188 ipse
997 2107 1077 2169 tulit.

831 2230 865 2292 L.

412 2327 505 2390 Nulla
520 2335 568 2391 est
581 2331 658 2391 hora
672 2332 730 2392 tibi
746 2351 805 2411 qua
817 2350 880 2390 non
894 2349 958 2408 me,
977 2324 1099 2409 Phylli,
1120 2327 1277 2391 furentem

454 2412 634 2494 Despoliea:
654 2421 739 2475 tanta
754 2414 922 2474 calliditate
937 2414 1029 2494 rapis.

413 2496 500 2557 Nunc
514 2497 616 2577 plorat
631 2497 756 2578 speculo
771 2497 865 2557 fallax
879 2497 991 2558 ancilla
1002 2492 1132 2574 relicto,
1215 2540 1221 2545 -

456 2581 583 2641 Gemma
595 2580 645 2641 vel
661 2602 677 2640 a
692 2580 804 2660 digito,
827 2579 878 2641 vel
893 2581 975 2642 cadit
990 2599 1063 2641 anre
1077 2578 1174 2661 lapis3

393 2663 504 2726 5Nuuc
518 2665 631 2725 furtiva
643 2662 723 2724 lucri
737 2666 806 2725 fieri
821 2666 1002 2744 bombycina
1017 2668 1162 2744 possunt,

456 2748 621 2808 Profertur
635 2748 739 2808 Cosmi
751 2767 832 2808 nunc
846 2750 921 2809 mihi
936 2751 1034 2809 siccus
1051 2749 1147 2827 orry-13
1208 2756 1223 2765 “

414 2831 570 2911 Amphora
585 2851 667 2892 nunc
679 2832 797 2911 petitur
810 2833 893 2910 nigri
907 2834 1025 2892 cariosa
1038 2830 1182 2912 Fulcrnl,

454 2916 568 2996 Expiet
580 2921 615 2975 ut
628 2935 749 2976 somnos
767 2915 889 2994 garrula
902 2935 972 2995 saga
986 2923 1069 2989 tuos;

413 3000 501 3060 Nunc
515 3006 549 3060 ut
563 3019 660 3061 emam
674 2998 858 3078 grandemve
873 2999 978 3080 lupum
991 2998 1156 3060 mullumve
1170 2998 1332 3079 bilibrem,

372 3095 408 3148 10
454 3083 567 3145 lndixit
582 3102 687 3151 cenam
703 3083 788 3145 dives
803 3085 898 3144 amica
912 3086 978 3146 tibi.

417 3167 466 3229 Sit
477 3167 578 3248 pudor
594 3175 625 3229 et
640 3167 764 3230 tandem
778 3171 845 3228 veri
860 3175 1022 3249 respectus
1037 3173 1069 3235 et
1083 3167 1182 3245 aequi.

455 3253 507 3315 Nil
522 3254 595 3334 tibi,
615 3251 736 3334 Phylli,
756 3271 852 3332 nego:
874 3252 920 3312 nil
934 3254 1026 3332 mihi,
1047 3250 1166 3340 Phylli,
1187 3269 1277 3331 nega.

643 3432 646 3440 .
774 3385 877 3448 ·Ll.

293 3506 297 3515 “
414 3483 515 3544 Tanta
529 3489 577 3545 est
593 3503 670 3564 quae
685 3484 770 3545 Titio
786 3482 926 3545 columna
940 3483 1081 3565 pendet,-

414 3567 563 3643 Quantam
579 3569 774 3648 Lampsaciae
789 3567 895 3628 'colunt
910 3566 1045 3648 puellae.

414 3651 475 3710 Hic
490 3651 574 3711 nullo
590 3654 755 3712 comitante
769 3671 827 3711 nec
842 3650 974 3712 molesto

263 3811 266 3817 Ι
416 3734 561 3795 Thermis
575 3735 740 3813 grandibus
754 3741 786 3795 et
801 3737 864 3795 suis
877 3733 1004 3797 lavatur.

387 3819 554 3900 5Anguste
570 3819 673 3880 Titius
687 3825 790 3880 tamen
804 3816 931 3882 lavatur.
