3267 4409
639 437 685 499 n.
702 434 795 500 vnn.
814 433 1041 500 uanrnnrs
1133 410 1166 515 '-

449 588 576 650 Arsidet
593 595 625 649 et
644 586 816 665 cathedris,
838 593 954 647 maesta
970 588 1115 666 iuvenca,
1136 591 1211 652 tuis.-
1236 656 1242 663 ,

406 674 482 735 lnde
499 675 579 753 petit
593 678 715 734 centnm
730 671 900 753 pendentia
917 678 998 731 tecta
1016 671 1182 751 columnis,

369 770 399 820 10
448 756 538 817 lllinc
556 758 684 837 Pompei
702 757 782 816 dona
797 769 966 832 nemusque
984 754 1106 834 duplex.

406 843 472 903 Nec
485 843 649 903 Fortunati
667 841 787 921 spernit
803 857 862 898 nec
880 837 991 898 balnea
1006 839 1131 918 Fausti,

447 926 512 986 Nec
530 925 632 1006 Grylli
650 926 795 985 tenebras
812 920 1014 1001 Aeoliamque
1031 921 1128 1002 Lupi:

405 1010 480 1070 Nam
496 1011 595 1069 ternis
611 1010 725 1068 iterum
741 1008 870 1067 thermis
887 1007 1062 1086 iterumque
1079 1006 1209 1072 lavatur.

403 1131 405 1137 ,
448 1092 557 1154 Omnia
575 1113 641 1152 cum
657 1093 750 1167 fecit,
772 1089 829 1150 sed
841 1097 993 1150 renuente
1012 1089 1086 1168 deo,

365 1177 499 1238 15Lotus
517 1176 555 1236 ad
572 1178 712 1255 Europes
731 1173 855 1254 tepidae
873 1175 985 1233 buxeta
1002 1174 1156 1253 recurrit,

450 1261 484 1320 Si
503 1262 570 1338 quis
585 1261 629 1320 ibi
647 1278 749 1318 serum
762 1265 868 1337 carpat
886 1259 999 1317 amicus
1015 1258 1088 1321 iter.

405 1344 468 1404 Per
485 1349 518 1403 te
535 1362 655 1423 perque
672 1349 772 1420 tuem,
791 1349 899 1402 vector
915 1340 1044 1419 lascive,
1065 1338 1219 1420 puellam,

448 1425 498 1486 Ad
519 1445 625 1486 cenam
643 1427 758 1488 Selium
776 1431 811 1486 tn
828 1445 921 1504 rogo,
943 1432 1048 1504 taure,
1069 1445 1153 1486 voca.

808 1557 875 1621 XV.

407 1670 495 1747 Quod
512 1670 589 1731 nulli
609 1669 733 1730 calicem
749 1677 835 1730 tuum
851 1672 1014 1751 propinas,

406 1757 545 1816 Humane
562 1756 654 1833 facis,
676 1755 810 1835 llorme‚
832 1774 895 1814 non
912 1757 1055 1836 superbe.

802 1889 883 1952 xvi.

407 2001 512 2061 Zoilus
530 2004 684 2080 aegrotat:
706 2001 825 2061 faciunt
841 2003 920 2061 hanc
939 1999 1075 2080 stragula
1091 2000 1223 2061 febrem.

450 2084 483 2143 Si
500 2085 598 2145 fuerit
609 2105 715 2164 sanus,
737 2087 862 2146 coccina
880 2084 953 2164 quid
970 2084 1109 2145 facienti

408 2167 490 2243 Quid
503 2176 590 2229 torus
606 2191 622 2228 a
637 2169 724 2249 Nilo,
747 2170 820 2250 qnid
837 2170 952 2229 Sidone
966 2170 1081 2229 tinctus
1095 2165 1217 2228 olenti?

449 2252 594 2313 Ostendit
607 2253 715 2313 stultas
731 2253 805 2331 quid
819 2255 879 2313 nisi
892 2254 1020 2314 morbus
1031 2252 1128 2332 opes‘i

386 2334 494 2411 5Quid
508 2337 567 2396 tibi
583 2357 650 2396 cum
663 2336 813 2397 medicis?
836 2337 956 2396 dimitte:
970 2337 1156 2397 Machaonas
1171 2354 1286 2398 omnes

449 2420 504 2479 Vis
514 2421 585 2481 fieri
599 2439 708 2499 sanus,
731 2419 867 2499 stragula
880 2439 965 2480 sume
978 2439 1056 2482 mea.

794 2552 888 2616 XVll.

408 2663 556 2725 Tonstrix
571 2664 709 2724 Suburae
723 2665 861 2725 faucibus
877 2665 967 2726 sedet
979 2666 1104 2745 primis,

407 2748 543 2808 Cruenta
557 2747 696 2829 pendent
710 2769 769 2827 qua
782 2748 905 2828 flagella
919 2756 1071 2811 tortorum

406 2833 544 2910 Argique
559 2833 656 2892 letum
673 2832 787 2893 multus
805 2832 928 2894 obsidet
941 2839 1037 2893 sutor.

406 2915 470 2975 Sed
483 2917 542 2976 ista
556 2918 704 2994 tonstrix,
724 2917 899 2995 Ammiane‚
921 2937 983 2977 non
998 2917 1123 2997 tondet,

385 2999 476 3059 5Non
492 3000 618 3080 tondet,
638 3002 771 3079 inquam.
802 3001 883 3078 Quid
896 3002 990 3080 igitur
1005 3003 1101 3064 facit?
1128 3001 1232 3065 Radit.

784 3134 891 3198 XVlll.

406 3246 503 3326 cepto
517 3256 616 3326 tuam,
636 3247 734 3329 pudet
748 3250 827 3326 heu,
850 3246 906 3307 sed
921 3253 1026 3327 capto,
1048 3249 1199 3329 Maxime,
1221 3267 1337 3326 cenam,

447 3331 496 3390 Tu
512 3341 616 3412 captas
634 3331 739 3393 aliam:
759 3333 819 3392 iam
837 3351 938 3390 sumus
953 3350 1027 3409 ergo
1043 3351 1145 3411 pares.

403 3411 498 3473 Mane
513 3415 673 3475 salutatum
691 3417 797 3493 venio,
818 3421 854 3475 tu
870 3414 983 3474 diceris
997 3416 1060 3475 isse

446 3496 528 3556 Ante
546 3498 725 3558 salutatum:
746 3500 806 3558 iam
820 3518 921 3558 sumus
937 3518 1010 3577 ergo
1026 3517 1127 3578 pares.

384 3577 480 3640 5Sum
496 3599 597 3641 comes
612 3583 679 3662 ipse
694 3589 763 3642 tuus
777 3581 948 3662 tumidique
965 3581 1159 3644 anteambulo
1177 3585 1278 3664 regis,

447 3664 496 3725 Tu
511 3683 613 3724 comes
628 3664 770 3726 alterins:
793 3667 852 3726 iam
870 3685 970 3727 sumus
986 3686 1061 3746 crgo
1076 3686 1177 3748 pares.
1311 3662 1316 3667 ’
