3267 4409
325 478 368 541 ao
529 559 532 563 Ι
646 478 692 543 Μ.
708 478 799 543 vau.
815 479 1043 544 mannans

409 631 504 689 Paret
517 631 681 710 purpureis
697 647 771 709 aper
786 630 947 709 capistris;

410 714 534 794 Turpes
549 713 659 773 esseda
675 713 758 792 quod
772 715 900 773 trahunt
912 716 1051 776 bisontes

409 799 451 857 Et
465 796 575 857 molles
590 796 664 857 dare
679 799 762 857 iussa
777 796 860 877 qnod
875 798 1004 858 choreas

368 882 436 945 1οΝ
438 883 503 959 igro
517 881 609 942 belua
622 901 685 941 non
698 888 791 961 negat
806 880 970 960 magistro:

410 967 485 1041 Quis
499 965 674 1045 spectacula
687 984 750 1024 non
763 971 855 1045 putet
870 964 1020 1026 deorum‘.²

408 1050 495 1109 Haec
510 1050 622 1109 transit
635 1055 753 1125 tamen,
775 1056 809 1109 ut
823 1051 958 1128 minora,
981 1050 1120 1130 quisquis

408 1133 546 1195 Venatus
558 1130 691 1200 humiles
707 1132 792 1193 videt
805 1130 949 1211 leonum,

410 1218 493 1293 Quor
507 1216 597 1277 velox
610 1217 752 1298 leporum
764 1218 859 1276 timor
872 1217 991 1296 fatigat.

276 1310 281 1317 '
369 1302 591 1379 labimittunt,
612 1307 760 1380 repetunt
778 1307 940 1379 amantque
956 1308 1062 1384 captos

408 1387 451 1445 Et
465 1386 604 1445 securior
620 1387 715 1445 estin
731 1404 786 1445 ore
800 1385 934 1465 praeda,

410 1469 509 1528 Laxos
525 1470 574 1528 cui
589 1468 663 1529 dare
678 1470 864 1548 perviosque
879 1470 976 1529 rictus

411 1550 554 1613 Gaudent
569 1558 601 1613 ct
616 1552 739 1613 timidos
754 1559 866 1613 tenere
881 1550 1009 1631 dentes,

410 1635 541 1696 Mollem
556 1637 700 1715 frangere
717 1636 788 1697 dum
801 1635 899 1718 pudet
917 1638 1072 1718 rapinam,

367 1729 401 1781 20
407 1719 519 1780 Stratis
534 1741 601 1779 cum
616 1720 705 1780 modo
719 1722 863 1781 venerint
875 1722 1022 1784 iuvencis.

409 1805 495 1863 Haeo
513 1803 676 1864 clementia
690 1824 752 1864 non
765 1811 893 1884 parator
908 1811 990 1883 arte,

410 1887 474 1947 Sed
488 1895 602 1949 norunt
621 1891 670 1948 cu'i
685 1890 820 1948 serviant
833 1886 952 1949 leones.

812 2023 877 2084 CV.

411 2135 445 2194 ln
462 2135 678 2207 Nomentanis,
700 2133 805 2212 Ovidi,
829 2133 911 2212 quod
925 2134 1061 2194 nascitur
1076 2135 1166 2207 arvis,

452 2221 582 2298 Accepit
596 2221 738 2298 quotiens
756 2226 896 2298 tempora
909 2217 1001 2296 longa
1014 2237 1148 2296 merum,

408 2301 501 2361 Exuit
515 2321 629 2362 annosa
643 2322 745 2362 mores
758 2321 933 2381 nomenque
948 2309 1073 2362 senecta

450 2386 492 2446 Et
507 2385 657 2465 quidquid
670 2386 785 2466 uoluit,
806 2392 888 2447 testa
901 2393 1028 2448 vocatur
1042 2405 1126 2448 anus.
1245 2398 1252 2411 ·

805 2520 883 2585 cvl.

408 2630 582 2712 Interponis
597 2652 704 2711 aquam
719 2632 866 2711 subinde,
888 2632 986 2711 Rufe,

408 2715 450 2774 Et
465 2716 492 2774 si
508 2717 629 2794 cogeris
644 2737 661 2775 a
676 2715 797 2795 sodale,
820 2736 921 2778 raram

408 2797 505 2859 Diluti
521 2801 600 2860 bibis
614 2801 733 2860 unciam
746 2800 884 2866 Falerni.

407 2880 561 2962 Numquid
578 2882 717 2963 pollicita
732 2887 852 2975 esttibi
870 2887 989 2944 beatam

388 2966 539 3027 5Noctem
554 2968 667 3028 Naevia
682 2970 863 3048 sobriasque
877 2969 970 3029 mavis

409 3051 521 3111 Certae
535 3053 688 3131 nequitias
704 3053 889 3113 tutationis?

409 3136 566 3215 Suspiraa,
587 3138 718 3215 retices,
738 3138 850 3216 gemis:
871 3137 1004 3215 negavit.

409 3221 544 3280 Crebros
560 3239 635 3300 ergo
650 3219 726 3281 licet
739 3223 826 3281 bibas
841 3222 974 3280 trientes

408 3302 450 3362 Et
465 3303 574 3364 durum
587 3304 706 3384 iugules
721 3323 806 3365 moro
824 3302 973 3366 dolorem.
1013 3309 1016 3313 '

367 3393 401 3445 10
410 3385 490 3459 Quid
505 3390 606 3467 parcis
624 3390 700 3468 tibi,
721 3389 826 3449 Rufe?
849 3385 1062 3448 dormiendum
1078 3393 1134 3449 est.

800 3522 892 3585 CVII.

409 3628 507 3709 Saepe
524 3633 598 3692 mihi
614 3631 709 3709 dicio,
728 3633 805 3693 Luci
824 3635 982 3694 carissime
998 3634 1073 3712 lull,

449 3713 580 3793 „Scribe
600 3715 717 3795 aliquid
729 3736 884 3796 magnum:
907 3716 1080 3779 desidiosus
1095 3720 1186 3779 homo
1204 3718 1271 3782 ee.“
