3267 4409
260 473 263 477 ’
326 525 329 531 .
357 469 398 531 92
684 477 1023 529 n.ruu.1nvurrsn1s

359 618 502 681 Clamore·
516 637 551 679 ac
572 626 641 697 post
664 617 739 679 haec
761 618 874 701 tabulas
895 627 1006 678 mutare
1032 617 1164 697 parabis:
1308 632 1342 684 55

358 704 440 764 Unde
462 703 513 762 tibi
535 704 659 784 frontem
681 702 904 780 libertatemque
926 705 1066 780 parentis,

358 786 452 861 Quum
473 787 563 846 iacias
587 788 690 865 peiora
712 804 805 848 senex
826 804 1006 864 vacuumque
1031 785 1156 846 cerebro

358 870 417 932 lam
439 871 551 949 pridem
573 880 660 948 caput
683 871 742 931 hoc
765 879 889 931 ventosa
913 870 1062 931 cucurbita
1089 867 1231 950 quaerat?

401 954 523 1032 Hospite
545 964 684 1031 venturo,
708 953 836 1014 cessabit
860 971 945 1013 nemo
972 963 1094 1014 tuorum

359 1037 453 1098 Verre
474 1039 682 1116 pavimentum,
706 1039 808 1098 nitidas
832 1037 955 1097 ostende
977 1039 1136 1114 columnas,
1310 1049 1345 1103 60

359 1122 448 1182 Arida
472 1141 535 1182 curn
558 1130 618 1182 tota
643 1121 803 1182 descendat
826 1139 932 1182 aranea
953 1123 1040 1198 tela,

358 1205 412 1269 Hic
435 1206 501 1265 leve
524 1215 692 1283 argentum,
715 1224 786 1266 vasa
810 1224 915 1283 aspera
938 1212 1055 1284 tergeat
1077 1202 1166 1264 alter:

358 1289 426 1350 Vox
448 1289 554 1350 domini
578 1291 646 1349 iurit
671 1291 801 1349 instantis
822 1292 990 1368 virgamque
1014 1291 1150 1350 tenentis.

358 1372 439 1451 Ergo
462 1375 550 1432 miser
571 1373 716 1452 trepidas,
739 1392 775 1433 ne
798 1383 930 1435 stercore
952 1374 1039 1434 foeda
1062 1374 1165 1434 canino

346 1457 445 1523 Atria,
463 1455 636 1535 displiceant
659 1458 752 1518 oculis
776 1459 919 1518 venientis
944 1459 1038 1533 amici,
1137 1515 1143 1525 ,
1312 1469 1345 1523 65

358 1540 403 1601 Ne
426 1541 546 1618 perlusa
574 1541 634 1601 luto
662 1542 698 1601 sit
720 1543 866 1620 porticus:
893 1550 922 1601 et
942 1551 1038 1602 tamen
1057 1557 1115 1600 uno

359 1624 498 1684 Semodio
523 1623 718 1685 scobishaec
742 1626 876 1685 emendat
901 1626 1034 1685 servulus
1058 1642 1145 1685 unus:

358 1705 433 1767 lllud
460 1725 518 1766 non
544 1710 653 1784 agitas,
678 1719 709 1768 ut
730 1718 859 1769 sanctam
879 1703 954 1769 iilius
978 1711 1053 1769 omni

358 1790 492 1869 Aspiciat
510 1793 573 1850 siue
600 1792 667 1851 labe
691 1792 804 1852 domum
829 1790 961 1870 vitioque*
984 1789 1151 1852 carentem?

360 1874 477 1936 Gratum
503 1882 564 1952 est,
589 1876 667 1954 quod
688 1873 799 1954 patriae
825 1879 918 1937 civem
942 1876 1112 1955 populoque
1139 1875 1254 1952 dedisti,
1313 1885 1347 1940 io

359 1959 391 2020 st
413 1961 487 2019 iacis
513 1969 543 2019 ut
569 1961 680 2038 patriae
705 1963 742 2020 sit
767 1961 908 2035 idoneus,
934 1960 1012 2020 utilis
1036 1962 1127 2038 agris,
1228 1975 1230 1979 ’

359 2041 445 2103 Utilis
469 2042 667 2111 etbellorurn
689 2053 718 2104 et
741 2046 823 2123 pacis
845 2045 933 2105 rebus
959 2045 1089 2122 agendis.

360 2125 514 2187 Plurimum
535 2130 609 2187 enim
629 2129 776 2205 intererit,
800 2129 903 2207 quibus
922 2129 1030 2188 artibus
1050 2127 1203 2208 atquibus
1222 2128 1297 2188 huno
1316 2138 1346 2188 tn

359 2208 490 2270 Moribus
514 2212 655 2272 instituas.
696 2214 840 2291 serpente
863 2215 975 2273 ciconia
995 2213 1092 2291 pullos

359 2293 455 2354 Nutrit
480 2304 510 2355 et
530 2297 646 2357 inventa
669 2315 725 2376 per
749 2297 834 2357 devia
854 2315 920 2358 rura
943 2297 1068 2357 lacerta:
1312 2303 1346 2359 75

266 2417 268 2420 >
360 2377 408 2438 Illi
434 2379 536 2440 eadem
563 2383 684 2459 sumptis
711 2389 854 2460 quaerunt
877 2381 1008 2441 animalia
1031 2381 1135 2460 pinnis.

359 2460 465 2522 Vultur
489 2464 615 2523 iumento
639 2474 668 2524 et
692 2465 810 2525 canibus
835 2465 1027 2544 crucibusque
1049 2462 1160 2526 relictis

360 2544 406 2604 Ad
433 2545 510 2604 fetus
537 2557 679 2625 properat
701 2558 871 2627 partemque
897 2549 1049 2609 cadaveris
1070 2548 1169 2610 alfort:

291 2706 293 2711 Ι
359 2627 414 2688 llic
440 2638 485 2688 est
507 2648 580 2708 ergo
603 2631 684 2691 cibus
706 2634 801 2710 magni
824 2649 941 2776 quoque
962 2634 1084 2693 vulturis
1108 2640 1191 2691 etse

356 2710 525 2791 Pascentis,
548 2717 667 2794 propria
689 2734 775 2794 quum
796 2717 851 2775 iam
872 2717 941 2776 icit
963 2717 1067 2778 arbore
1088 2714 1181 2776 nidos.
1308 2720 1344 2775 80

359 2797 419 2857 Sed
443 2797 575 2877 leporem
600 2809 809 2880 autcapream
832 2801 957 2861 famulae
980 2801 1058 2862 lovis
1080 2809 1109 2862 et
1128 2814 1291 2880 generosas

358 2879 391 2942 ln
414 2882 489 2942 saltu
511 2893 652 2944 venantur
674 2903 760 2963 aves,
783 2884 851 2944 hinc
872 2885 981 2964 praeda
1008 2885 1096 2946 cubili

359 2964 493 3026 Ponitur:
516 2969 582 3028 inde
605 2977 700 3030 autern
721 2988 807 3048 quum
830 2987 863 3029 se
882 2979 991 3030 matura
1012 2969 1122 3029 levabit
1157 3023 1161 3031 .

358 3049 536 3129 Progenies,
561 3052 824 3114 stimulante'iaure
846 3055 964 3114 festinat
983 3053 1019 3114 ad
1039 3053 1129 3129 illam,
1300 3127 1302 3132 Ι

358 3132 451 3207 Quam
474 3130 594 3213 prim'um
611 3138 748 3215 praedam
771 3147 855 3218 rupto
879 3146 1047 3214 gustaverat
1069 3152 1136 3195 ovo.
1260 3203 1264 3209 ,
1311 3143 1346 3198 85

401 3217 581 3279 Aedificator
603 3231 665 3281 erat
688 3219 841 3281 Cretonius
874 3232 903 3282 et
936 3220 1022 3281 modo
1048 3235 1139 3279 curvo
1327 3240 1330 3244 ·

358 3301 466 3362 Litore·
481 3301 617 3380 Caietae,
641 3323 748 3366 summa
770 3323 846 3367 nuno
866 3304 980 3365 Tiburis
1003 3318 1083 3376 aree,

265 3438 270 3445 .
358 3385 443 3446 Nunc
464 3386 660 3448 Praenestinis
683 3391 711 3448 iu
731 3388 876 3449 montibus
899 3388 956 3446 alta
979 3385 1100 3464 parabat

360 3468 491 3530 Culmina
509 3472 643 3542 villarum
659 3472 778 3534 Graecis
802 3473 949 3548 longeque
969 3469 1067 3547 petitis

359 3551 567 3631 blarmoribus,
588 3557 708 3616 vincens
729 3552 875 3618 Fortunae
897 3563 983 3632 atque
1005 3549 1139 3612 Herculis
1162 3550 1274 3631 aedem,
1309 3562 1345 3619 90

358 3636 397 3697 Ut
419 3639 511 3715 spado
533 3640 668 3700 vincebat
691 3639 835 3720 Capitolia
857 3646 955 3697 nostra
977 3636 1108 3697 Posides.

359 3718 434 3780 Dum
456 3723 592 3801 sicergo
614 3723 724 3784 habitat
746 3723 923 3798 Cretonius,
960 3723 1097 3782 imminuit
1118 3738 1190 3799 rem,
