3267 4409
369 464 411 526 40
708 470 744 517 o.
768 468 841 518 run.
865 466 1053 516 musanus

369 615 433 678 Una
456 611 598 674 laboranti
618 610 728 690 poterit
749 626 922 670 succurrere
945 609 1042 670 lunae.

314 726 316 731 ·
370 688 494 779 Imponit
518 696 603 756 finem
626 697 743 774 sapiens
767 704 796 755 et
818 693 907 753 rebus
928 693 1073 761 honestis;

370 784 443 844 Nam
466 799 540 862 qnae
564 781 650 842 docta
671 780 754 839 nimis
777 780 857 858 cupit
878 786 907 837 et
928 777 1052 838 facunda
1073 774 1179 853 rideri,
1310 784 1360 841 dit

371 866 465 929 Crura
486 875 569 925 tenus
592 864 688 924 medio
711 864 823 923 tunicas
844 864 1019 939 succingere
1043 860 1142 939 debet,

371 951 504 1014 Caedere
528 949 645 1009 Silvano
667 964 804 1027 porcum,
828 947 986 1026 quadrante
1008 946 1109 1007 lavari.

369 1035 436 1097 Non
457 1033 563 1095 habeat
584 1040 730 1108 matrona,
754 1030 806 1091 tibi
829 1050 903 1110 quae
925 1033 1021 1092 iuncta
1043 1029 1199 1107 recumbit,

370 1119 493 1182 Dicendi
514 1135 623 1195 genus,
648 1126 696 1177 aut
718 1134 835 1176 currum
858 1133 992 1177 sermone
1013 1122 1110 1176 rotato

371 1206 519 1283 Torqueat
543 1200 741 1276 enthymema,
763 1218 821 1259 nec
843 1200 980 1261 historias
1001 1201 1074 1261 sciat
1096 1215 1216 1269 omnes;
1313 1207 1363 1261 45⁰

371 1289 431 1349 Sed
455 1285 595 1366 quaedam
617 1303 655 1344 ex
676 1284 758 1347 libris
782 1294 812 1344 et
832 1300 890 1344 non
912 1284 1073 1362 intellegat.
1098 1282 1153 1342 Odi

370 1373 450 1434 llanc
474 1388 549 1447 ego,
573 1387 648 1448 qnae
670 1369 777 1449 repetit
799 1369 951 1448 volvitque
974 1368 1157 1430 Palaemonis
1181 1376 1290 1445 artem,

371 1457 493 1517 Servata
516 1471 632 1532 semper
655 1454 723 1532 lege
746 1461 775 1513 ct
798 1454 910 1513 ratione
934 1453 1085 1533 loquendi,

370 1540 551 1617 lgnotosqne
574 1537 642 1597 mihi
664 1546 744 1598 tenet
766 1539 923 1617 antiquaria
947 1555 1063 1613 versus,

371 1623 437 1683 Nec
465 1621 592 1682 curanda
610 1622 680 1683 viris
705 1623 810 1701 opicae
838 1624 963 1701 castigat
987 1623 1099 1683 amicae
1313 1629 1361 1685 tit

369 1706 484 1768 Verba:
512 1704 716 1767 soloecismum
738 1707 827 1768 liceat
849 1706 958 1768 iecisse
979 1708 1091 1768 marito.

412 1791 460 1852 Nil
481 1806 539 1849 non
560 1792 698 1869 permittit
719 1791 822 1854 mulier
844 1792 917 1868 sibi,
941 1801 1026 1870 turpe
1050 1798 1130 1870 putat
1153 1788 1207 1865 nil,

371 1874 594 1950 duumvirales
616 1892 745 1952 gemmas
770 1875 849 1935 collo
874 1875 1062 1938 circumdedit
1086 1883 1115 1934 et
1140 1892 1230 1954 mmm

371 1960 497 2021 Auribus
523 1962 653 2021 extensis
673 1976 794 2037 magnos
818 1961 960 2021 commisit
984 1958 1135 2022 elenchos.

371 2043 585 2106 Intolerabilins
609 2044 679 2106 nihil
706 2053 766 2122 cst,
791 2062 876 2122 quam
897 2045 1003 2105 lemine
1020 2044 1117 2106 'dives

370 2128 485 2190 Interea
508 2126 595 2190 ioeda
617 2137 739 2209 aspectu
761 2128 940 2209 ridendaque
960 2128 1050 2189 multo

371 2213 449 2274 Pane
474 2222 563 2273 tumet
585 2212 678 2275 iacies
699 2222 747 2275 aut
770 2214 889 2293 pinguia
910 2213 1087 2293 Poppaeana

372 2298 485 2377 Spirat,
509 2307 538 2358 et
559 2296 625 2358 binc
645 2299 744 2359 miseri
765 2298 912 2359 viscantur
933 2298 1015 2361 labra
1035 2296 1144 2359 mariti:

371 2382 417 2442 Ad
438 2383 591 2443 moechum
608 2384 668 2444 lota
688 2384 805 2443 veniunt
826 2393 902 2444 cute.
935 2382 1055 2457 Quando
1074 2381 1168 2443 rideri

371 2464 440 2525 Vult
460 2466 589 2527 formosa
609 2464 708 2527 domii
739 2467 870 2528 moechis
895 2467 995 2528 foliata
1017 2474 1168 2545 parantum

370 2547 422 2608 llis
444 2551 563 2626 emitur,
587 2551 724 2630 quidquid
746 2552 876 2629 graciles
897 2551 953 2612 huo
974 2551 1083 2611 mittitis
1104 2548 1179 2610 Indi.
1201 2576 1204 2581 ·

371 2632 499 2694 Tandem
520 2636 613 2713 aperit
632 2635 741 2695 vultum
763 2645 792 2696 et
814 2637 939 2696 tectoria
961 2636 1052 2715 prima
1072 2634 1208 2715 reponit:

370 2716 475 2796 Incipit
496 2720 633 2797 agnosci,
658 2728 745 2798 atque
769 2720 820 2780 illo
844 2720 920 2781 lacte
944 2719 1070 2796 fovetur,

370 2801 495 2880 Propter
517 2803 594 2882 quod
612 2822 711 2869 secum
729 2806 850 2865 comites
871 2805 968 2865 educit
989 2804 1109 2885 asellas,

370 2884 446 2946 Exul
468 2886 689 2966 Hyperboreum
712 2890 736 2948 si
759 2890 914 2951 dimittatur
937 2889 974 2951 ad
996 2907 1089 2951 arem.

372 2971 432 3031 Sed
457 2990 531 3051 quae
557 2975 670 3033 mutatis
694 2973 838 3034 inducitur
862 2984 950 3053 atque
972 2973 1090 3035 fovetur

371 3053 427 3115 Tot
448 3056 682 3117 medicaminibus
707 3067 869 3139 coctaeque
894 3058 1016 3137 siliginis
1039 3058 1113 3118 olias

371 3137 488 3218 Accipit
511 3148 539 3199 et
559 3142 710 3218 madidae,
735 3142 829 3203 iacies
852 3144 965 3204 dicetur
987 3160 1023 3202 an
1044 3138 1152 3205 ulcusi

413 3221 466 3283 Est
490 3228 611 3302 pretium
634 3244 721 3286 curae
744 3229 860 3306 penitus
886 3245 1087 3307 cognoscere,
1108 3235 1172 3287 toto

371 3304 447 3379 Quid
469 3307 574 3368 faciant
595 3310 763 3389 agitentque
785 3312 842 3372 die.
880 3313 911 3372 Si
931 3320 1019 3372 nocte
1040 3312 1159 3372 maritus

371 3392 502 3451 Aversus
523 3393 626 3472 iacuit,
649 3395 892 3476 periitlibraria,
916 3403 1026 3475 ponunt

372 3472 527 3536 cosmetae
551 3480 678 3556 tunicas,
702 3480 784 3541 tarde
806 3482 925 3541 venisse
948 3480 1089 3542 Liburnus

370 3557 482 3618 Dicitur
503 3570 532 3620 et
553 3579 665 3640 poenas
686 3563 773 3624 alieni
796 3565 927 3643 pendere
950 3565 1043 3625 somni

372 3638 507 3717 Cogitur:
536 3644 584 3705 hic
605 3646 712 3725 frangit
731 3647 855 3725 ferulas,
878 3648 963 3709 rubet
985 3649 1036 3709 ille
1058 3648 1192 3727 flagello,

366 3724 424 3788 llic
445 3727 571 3807 scutica;
594 3739 660 3794 sunt
681 3750 756 3814 quae
778 3732 937 3796 tortoribus
958 3751 1051 3795 annua
1072 3742 1236 3813 praestent.
1308 3738 1356 3797 stt
