3267 4409
247 455 256 465 ’
326 484 368 550 oo
646 487 691 550 u.
707 486 1042 550 muniamus
1157 464 1159 469 ’

452 638 561 717 Qualia
575 639 628 719 qui
642 641 773 699 Phariae
789 641 927 718 coniugis
942 661 1025 701 arma
1040 639 1122 706 tulit.

388 723 618 786 5Exciderutne
636 723 713 783 adeo
727 724 823 783 fatum
840 725 898 784 tibi
914 727 1048 785 nominis
1061 727 1171 811 huius,

453 808 566 869 Obruit
580 809 699 868 Actiaci
717 806 799 885 quod
814 809 914 886 gravis
928 810 975 868 ira
990 809 1090 868 freti?

410 895 460 952 An
475 895 534 954 tibi
548 893 691 973 promisit
703 890 831 951 Rhenus
847 890 928 969 quod
944 913 1007 952 non
1024 891 1112 954 dedit
1125 893 1173 957 illi

451 976 556 1055 Nilus,
579 982 612 1036 et
625 977 749 1035 Arctois
763 974 834 1055 plus
848 975 989 1036 licuisset
1003 977 1113 1056 aquis?

408 1059 467 1121 lllc
483 1063 574 1120 etiam
589 1062 705 1120 nostris
720 1061 874 1119 Antonius
890 1059 1005 1120 occidit
1020 1062 1131 1141 armis,
1172 1114 1175 1119 .

261 1148 267 1161 “
367 1156 402 1206 10
449 1147 508 1221 Qui
522 1146 579 1205 tibi
596 1143 740 1222 collatus,
762 1143 901 1224 perfide,
923 1145 1038 1204 Caesar
1053 1150 1130 1209 erut.

811 1258 878 1319 ΧΗ.

409 1355 511 1434 Nulli,
534 1357 631 1435 Thai,
652 1375 768 1440 negas,
788 1357 848 1418 sed
861 1359 888 1418 si
901 1363 935 1418 te
949 1376 1011 1417 non
1026 1356 1124 1437 pudet
1137 1331 1242 1440 istud,

449 1441 518 1500 Hoc
533 1439 635 1502 saltim
651 1441 783 1523 pudeat,
807 1443 904 1520 Thai,
925 1460 1041 1520 negare
1057 1442 1147 1506 nihil.
1161 1463 1178 1479 *=
1212 1468 1215 1475 ·

805 1557 883 1618 Xlll.

409 1653 551 1731 Claudia,
572 1644 670 1732 Rufe,
691 1675 760 1715 meo
775 1657 865 1714 nubit
878 1655 1049 1734 Peregrina
1061 1652 1213 1714 Pudenti:

449 1739 559 1798 Macte
573 1744 640 1798 esto
654 1738 771 1817 taedis,
794 1758 811 1798 o
826 1739 1024 1817 Hymenaee,
1046 1740 1117 1798 tuis.

410 1823 487 1882 Tam
501 1823 582 1882 benc
596 1842 667 1882 rara
681 1843 736 1882 suo
751 1824 920 1882 miscentur
939 1824 1077 1883 cinnama
1092 1820 1209 1901 nardo,

449 1906 583 1966 Massica
597 1905 730 1985 Theseis
746 1913 806 1966 tam
822 1907 903 1966 bene
917 1907 986 1967 vina
1001 1907 1095 1980 favis;

361 2031 365 2047 ι
386 1990 474 2052 5Nec
489 1989 599 2050 melius
614 1993 733 2051 teneris
747 1993 915 2069 iunguntur
929 1991 1041 2051 vitibus
1056 1989 1150 2067 ulmi,

450 2075 515 2134 Nec
530 2073 599 2154 plus
611 2072 693 2135 lotos
712 2095 820 2155 aquas,
838 2073 932 2134 litora
946 2080 1064 2152 myrtus
1081 2079 1170 2136 amat.

409 2158 547 2220 Candido
560 2166 713 2239 perpetuo
729 2158 851 2238 reside,
874 2156 1063 2237 Concordia,
1085 2157 1190 2237 lecto,
1233 2190 1236 2195 ·

451 2244 590 2323 Tamque
604 2245 672 2323 pari
688 2262 811 2323 semper
828 2245 868 2302 sit
882 2243 988 2306 Venus
1005 2261 1103 2321 aequa
1116 2244 1198 2321 iugo.

408 2326 524 2405 Diligat
536 2326 591 2386 illa
606 2345 712 2387 senem
729 2326 897 2405 quondam,
919 2325 976 2386 sed
990 2332 1023 2386 et
1036 2328 1104 2407 ipsa
1117 2326 1229 2387 marito

365 2420 400 2472 10
449 2411 529 2471 Tum
544 2429 665 2488 quoque
680 2430 747 2470 cum
761 2411 874 2488 fuerit,
893 2430 956 2470 non
968 2410 1109 2472 videatur
1125 2424 1210 2473 anus.

802 2544 883 2608 XIV.

408 2641 482 2722 Sili,
506 2639 694 2703 Castalidum
709 2641 802 2702 decus
817 2663 975 2722 sororum,

408 2727 620 2808 Qui‘periuria
633 2728 757 2786 barbari
772 2724 889 2787 furoris

407 2811 528 2889 Ingenti
540 2811 656 2890 premis
672 2829 727 2870 ore
741 2811 942 2891 perfidosque

406 2895 500 2955 Astus
514 2894 695 2955 Hannibalis
708 2896 854 2975 levesque
869 2898 991 2956 Poenos

386 2979 531 3058 5Magnis
547 2976 661 3039 cedere
680 2981 764 3057 cogis
779 2981 951 3040 Africanis:

406 3064 534 3125 Paulum
549 3064 684 3143 seposita
699 3066 883 3143 severitate,

406 3149 483 3209 Dum
498 3147 610 3209 blanda
625 3166 718 3225 vagus
734 3145 800 3207 alea
813 3149 987 3208 December

405 3234 535 3294 Incertis
552 3238 640 3292 sonat
654 3232 727 3291 hinc
742 3238 775 3291 et
787 3232 861 3291 hinc
877 3230 997 3292 fritillis

405 3317 447 3376 lot
460 3317 540 3377 ludit
552 3322 643 3395 tropa
656 3317 808 3393 nequiore
824 3313 904 3391 talo,

365 3399 527 3459 10Nos'tris
542 3402 604 3459 otia
619 3398 777 3458 commoda
791 3399 950 3474 Camenis,

405 3482 470 3542 Nec
484 3490 571 3543 torva
584 3482 656 3559 lege
671 3483 791 3558 fronte,
812 3480 868 3540 sed
883 3482 1010 3541 remissa

403 3567 538 3626 Lascivis
553 3565 691 3625 madidos
705 3566 782 3624 iocis
794 3562 931 3624 libellos.

406 3651 457 3711 Sic
471 3650 577 3709 forsan
589 3654 682 3709 tener
696 3668 785 3708 ausus
801 3654 850 3709 est
865 3647 1005 3709 Catullus

405 3737 518 3813 Magno
533 3734 659 3794 mittere
672 3751 831 3815 passerem
845 3733 978 3796 Maroni.
1014 3774 1018 3779 -
