3267 4409
373 488 414 549 74
717 497 753 545 1).
776 496 848 545 runt.
871 494 1057 545 mauranus

252 668 256 679 ·
372 637 490 700 Fortem
511 653 604 715 posce
627 636 765 714 animum,
788 635 888 696 mortis
910 644 1024 696 terrore
1047 644 1202 713 carentem,

374 723 430 796 Qui
451 722 572 800 spatium
601 721 678 780 ritae
704 729 862 780 extremum
887 720 962 779 inter
984 738 1101 785 munera
1123 729 1211 798 ponat

373 807 517 881 Naturae,
547 805 596 882 qui
618 804 697 864 ierne
722 813 808 881 queat
833 820 1031 882 quoscumque
1058 804 1186 881 labores,

373 889 494 950 Nesciat
514 889 618 964 irasci,
642 888 738 966 cupiat
762 887 832 947 nihil
853 896 883 947 et
905 889 1036 966 potiores
1304 897 1356 952 360

372 972 506 1039 Herculis
531 990 682 1032 aerumnas
708 971 808 1032 credat
834 988 999 1050 saevosque
1021 971 1140 1032 labores

372 1056 411 1117 Et
432 1057 549 1116 Venere
572 1065 602 1115 et
627 1056 726 1117 coenis
749 1063 779 1115 et
801 1055 898 1133 pluma
923 1055 1132 1134 Sardanapalli.

371 1140 502 1202 Monstro
526 1139 604 1217 quod
625 1141 689 1219 ipse
712 1138 764 1199 tibi
791 1141 887 1218 possis
913 1139 999 1208 dare;
1025 1143 1126 1201 semita
1148 1149 1229 1200 certe

373 1224 557 1302 Tranquillae
584 1242 639 1303 per
658 1225 793 1284 virtutem
815 1232 895 1303 patet
917 1223 1001 1284 unica
1024 1225 1110 1284 vitae.

371 1307 488 1386 Nullum
508 1325 611 1368 numen
632 1307 730 1383 abest,
755 1308 780 1367 si
801 1308 840 1366 sit
857 1307 1024 1386 prudentia;
1047 1325 1101 1367 nos
1123 1316 1152 1367 te
1305 1317 1372 1372 365·

372 1390 434 1451 Nos
455 1391 594 1470 iacimus,
618 1390 762 1472 Fortuna,
789 1391 873 1451 deam
897 1391 1043 1472 coeloque
1063 1392 1203 1454 locamus.

699 1710 934 1818 SAuIRA
963 1711 1025 1777 XI.

371 1841 491 1934 Atticus
515 1869 621 1930 eximie
640 1869 666 1929 si
690 1879 811 1947 coenat,
834 1871 929 1932 lautus
950 1870 1087 1940 hebetum

372 1959 404 2021 st
425 1954 554 2029 Rutilus,
580 1952 709 2014 demens.
743 1954 819 2030 Quid
842 1957 917 2026 eninr
941 1956 1050 2017 maiore
1074 1953 1214 2017 cachinno

371 2040 525 2119 Excipitur
547 2037 645 2115 vulgi,
671 2056 755 2119 quam
776 2057 889 2119 pauper
912 2036 1054 2120 Apicius?
1074 2041 1165 2101 omnis

373 2121 546 2198 Convictus,
568 2121 900 2200 thermaesstationes,
922 2140 1007 2185 omne
1028 2124 1171 2185 theatrum

371 2207 417 2268 De
443 2206 551 2268 Rutilo.
585 2203 657 2266 Nam
682 2207 749 2267 dum
771 2208 867 2268 valida
892 2225 928 2268 ac
950 2208 1095 2269 iuvenalia
1117 2207 1245 2269 membra
1341 2219 1357 2272 5

373 2291 526 2353 Sufficiunt
551 2289 673 2368 galeae,
701 2290 825 2370 dumque
850 2291 952 2353 ardent
976 2292 1132 2370 sanguine,
1157 2292 1259 2368 fertur,

371 2374 438 2436 Non
463 2384 588 2452 cogente
611 2375 743 2452 quidem,
768 2374 821 2435 sed
844 2393 900 2435 nec
923 2375 1098 2455 prohibente
1119 2375 1245 2452 tribuno,

373 2461 540 2537 Scripturas
563 2458 647 2536 leges
674 2468 704 2520 et
729 2460 811 2537 regia
835 2458 925 2520 verba
947 2459 1080 2519 lanistae.

372 2542 480 2604 llultos
502 2558 592 2620 porro
616 2542 714 2619 vides,
739 2560 813 2621 quos
837 2560 931 2622 saepe
953 2542 1053 2603 elusus
1078 2540 1114 2601 ad
1139 2541 1231 2621 ipsum

374 2624 509 2687 creditor
531 2627 676 2686 introitum
701 2627 779 2687 solet
800 2635 975 2706 exspectare
998 2623 1125 2700 macelli,
1323 2637 1357 2690 10

373 2708 411 2771 Et
438 2709 540 2790 quibus
562 2710 591 2769 in
614 2710 678 2771 solo
701 2711 818 2772 vivendi
841 2728 928 2772 causa
949 2707 1048 2789 palato
1072 2716 1127 2768 est.

345 2860 348 2865 ,
373 2794 520 2873 Egregius
543 2802 649 2854 coenat
670 2794 833 2879 meliusque
853 2795 1029 2855 miserrimus
1051 2790 1153 2853 horum

373 2877 411 2940 Et
436 2880 494 2943 cito
519 2896 639 2939 casurus
663 2880 719 2938 iam
740 2879 911 2958 perlucente
937 2878 1029 2938 ruina.
1148 2928 1151 2934 ,

373 2963 488 3026 Interea
512 2971 612 3040 gustus
635 2962 779 3023 elementa
803 2980 858 3042 per
880 2964 974 3044 omnia
997 2968 1148 3042 quaeruut,

372 3047 534 3126 Numquam
561 3047 654 3107 auimo
676 3049 777 3125 pretiis
804 3046 1000 3115 obstantibus;
1027 3046 1146 3105 interius
1170 3045 1193 3105 si

330 3190 334 3197 .
374 3131 533 3207 Amendae,
556 3132 648 3208 magis
670 3131 719 3191 illa
742 3132 855 3207 iuvant,
879 3148 954 3211 quae
977 3130 1068 3210 pluris
1091 3138 1230 3189 emuntur.

334 3269 336 3273 .
374 3215 454 3294 Ergo
477 3214 552 3276 haud
577 3214 696 3276 difficile
718 3224 763 3275 est
788 3216 945 3292 perituram
968 3230 1122 3274 arcessere
1145 3233 1291 3293 sucurram,

374 3298 516 3362 Lancihus
542 3300 685 3378 oppositis
709 3297 759 3358 vel
783 3299 882 3358 matris
903 3298 1029 3374 imagine
1051 3297 1154 3374 fracta,

375 3383 413 3444 Et
439 3384 653 3463 quadringentis
677 3383 797 3443 nummis
823 3380 942 3441 condire
966 3381 1102 3456 gulosum
1244 3428 1247 3435 .

375 3466 495 3529 Fictile:
520 3470 563 3528 sic
584 3468 702 3527 veniunt
728 3466 766 3527 ad
799 3463 977 3525 miscillanea
999 3463 1083 3523 ludi..
1325 3476 1361 3529 20
1395 3464 1399 3507 Ι

375 3549 479 3611 Refert
505 3569 591 3630 ergo,
617 3552 680 3631 quis
704 3550 779 3611 haec
804 3547 906 3608 eadem
934 3555 1030 3624 paret:
1054 3548 1083 3606 iu
1106 3546 1203 3609 Rutilo
1228 3567 1292 3610 nam
1394 3546 1399 3585 ¹

375 3633 500 3695 liuxuria
524 3643 588 3713 est,
612 3636 641 3696 in
663 3633 799 3694 Ventidio
824 3628 968 3692 laudabile
991 3646 1116 3691 nomen·
1394 3630 1399 3671 Ι

377 3716 467 3779 Sumit
493 3728 560 3781 eta
582 3737 671 3780 censu
693 3717 797 3779 lamam
820 3714 915 3776 trahit.
953 3714 1036 3775 lllum
1059 3731 1116 3792 ego
1139 3715 1201 3775 iure
1394 3715 1399 3756 ¹
