3267 4409
332 490 373 553 56
673 503 710 552 n.
731 500 803 551 utu.
826 501 1015 552 1uununn1s

331 645 443 720 Quanta
465 650 560 703 autem
583 641 650 705 inde
675 632 757 705 iere's
777 649 835 704 tam
856 641 937 703 dirae
958 641 1085 720 praemia
1108 644 1223 725 eulpae,

331 727 424 802 Quum
444 735 547 787 tenues
570 745 663 807 nuper
684 726 791 788 llarius
813 727 982 788 discinxerit
1000 724 1110 786 diros?
1264 741 1315 795 120

331 809 495 873 Curandum
517 812 546 870 in
566 812 683 891 primis,
706 829 743 870 ne
766 828 871 888 magna
893 810 996 871 iniuria
1018 809 1067 870 fiat

329 896 467 958 Fortibus
486 903 516 954 et
531 897 654 956 miseris.
684 893 784 955 'l'ollas
804 895 875 955 licet
892 911 976 954 omne
998 894 1074 971 quod
1093 913 1213 973 usquam
1240 902 1286 956 e'st

330 980 403 1040 Auri
425 989 513 1058 atque
539 980 669 1057 argenti,
695 987 806 1038 scutum
827 978 1013 1056 gladiumque
1035 979 1184 1059 relinques

329 1064 368 1126 Et
390 1062 513 1125 iaculum
538 1072 568 1123 et
588 1063 725 1141 galeam:¹
743 1061 877 1141 spoliatis
899 1080 976 1122 arma
1001 1072 1164 1140 supersunt.

331 1148 417 1223 Quod
443 1147 530 1208 modo
552 1147 709 1227 proposui,
731 1154 857 1206 nonest
879 1146 1034 1213 sententia:
1058 1165 1158 1207 verum
1181 1155 1240 1217 est;
1263 1160 1313 1214 125

331 1231 450 1293 Credite
471 1250 518 1291 me
543 1230 628 1292 vobis
649 1230 750 1290 lolium
771 1231 898 1291 recitare
919 1228 1060 1304 Sibyllae.

330 1318 363 1380 Si
386 1315 438 1376 tibi
461 1323 560 1376 ennete
583 1314 691 1375 cohors
717 1315 916 1391 comitum,·si
936 1331 1021 1372 nemo
1044 1314 1169 1376 tribunal

328 1400 436 1463 Vendit
463 1415 684 1475 aeersecomcs,
712 1398 737 1457 si
759 1396 867 1457 nullum
890 1398 919 1456 in
940 1400 1066 1475 coniuge
1091 1401 1209 1478 crimen,

329 1484 394 1545 Nec
417 1501 471 1562 per
491 1492 652 1544 conventus
674 1491 703 1544 et
726 1489 828 1543 cuncta
850 1499 904 1561 per
926 1480 1033 1561 oppida
1056 1485 1151 1543 curvis

329 1566 479 1645 Unguibus
501 1569 543 1627 ire
568 1575 650 1646 parat
671 1583 800 1626 nummos
821 1574 939 1644 raptura
961 1563 1106 1627 Celaeno:
1261 1578 1314 1631 130

328 1650 372 1712 'l'u
394 1651 463 1710 licet
486 1668 502 1710 a
527 1649 597 1710 Pico
623 1654 760 1710 numeres
780 1667 890 1728 genus,
919 1650 1034 1729 altaque
1059 1652 1133 1711 site

327 1733 450 1796 Nomina
475 1732 638 1809 delectant,
663 1751 777 1794 omnem
800 1733 930 1795 Titanida
954 1753 1078 1813 pugnam

327 1818 407 1880 luter
433 1818 559 1878 maiores
585 1819 738 1897 ipsumque
761 1817 933 1879 Promethea
957 1836 1064 1896 ponas:

328 1903 374 1964 De
398 1919 579 1982 quocumque
601 1901 688 1963 voles
710 1919 850 1980 proavum
874 1902 924 1962 tibi
948 1904 1050 1964 sumito
1074 1902 1160 1962 libro.

330 1987 417 2061 Quod
438 1988 464 2046 si
487 1986 677 2066 praecipitem
701 1987 776 2065 rapit
802 1985 919 2047 ambitio
947 1995 1033 2066 atque
1057 1986 1158 2064 libido,
1262 1996 1312 2050 135

330 2073 362 2132 Si
384 2071 495 2147 frangis
516 2071 614 2148 virgas
638 2072 782 2131 sociorum
803 2071 833 2132 in
855 2072 1011 2148 sangiune,
1034 2072 1058 2131 si
1080 2080 1111 2132 te

329 2154 487 2216 Delectant
508 2154 632 2215 hebetes
655 2154 733 2216 lasso
757 2154 863 2215 lictore
887 2173 1026 2215 secures:

329 2238 434 2319 incipit
456 2241 585 2319 ipsorum
603 2248 702 2301 contra
728 2248 757 2299 te
779 2248 857 2301 stare
880 2248 1031 2318 parentum

329 2322 473 2385 Nobilitas
498 2323 661 2402 claramque
684 2323 779 2385 iaeem
801 2324 953 2402 praeferre
977 2322 1129 2402 pudendis.

331 2406 423 2468 Omne
444 2408 528 2467 animi
552 2407 654 2468 vitium
673 2416 751 2469 tauto
774 2408 962 2487 conspectius
983 2411 1012 2466 in
1034 2426 1066 2468 se
1261 2414 1313 2467 140

331 2488 448 2550 Crimen
471 2489 576 2566 babet,
598 2501 703 2570 quanto
727 2493 819 2554 maior
840 2493 889 2571 qui
913 2500 1017 2570 peccat
1042 2489 1174 2551 habetur.

329 2573 395 2647 Quo
417 2573 485 2634 milri
505 2581 533 2632 te
555 2574 670 2635 solitum
692 2575 922 2653 falsas-signare
943 2575 1068 2636 tabellas

327 2655 361 2718 lu
388 2657 518 2735 templis,
548 2676 623 2736 qnae
648 2659 826 2736 feriturus,
854 2667 1032 2736 statuamque
1055 2655 1184 2736 parentis

328 2741 405 2801 Ante
431 2739 650 2819 triumphalem?
674 2759 752 2822 quo,¹
772 2745 797 2804 si
821 2752 977 2805 nocturnus
999 2740 1112 2801 adulter

327 2825 474 2904 Tempora
496 2825 652 2887 Santonico
678 2827 762 2888 velas
786 2828 927 2906 adoperta
949 2821 1086 2887 cucullo?
1262 2832 1312 2888 145

371 2909 491 2970 Praeter
513 2911 652 2971 maiorum
677 2913 791 2972 eineres
814 2921 901 2990 atque
924 2927 992 2971 ossa
1015 2908 1129 2970 volucri

330 2991 475 3073 Carpeuto
501 2995 609 3073 rapitur
632 2996 746 3074 pinguis
768 2994 944 3072 Lateranus,
972 3004 1001 3056 et
1025 2996 1107 3074 ipse,

328 3076 397 3157 lpse
423 3086 513 3140 rotam
538 3080 669 3156 astringit
692 3079 781 3140 multo
805 3080 967 3141 sufflamine
993 3078 1105 3154 consul,

328 3159 424 3222 Nocte
451 3162 582 3242 quidem;
608 3164 660 3224 sed
682 3163 748 3224 luna
769 3164 866 3241 videt,
891 3165 944 3225 sed
967 3164 1063 3224 sidera
1083 3170 1177 3223 testes

328 3246 481 3308 Intendunt
503 3247 614 3308 oculos.
650 3246 908 3326 Finitum‘tempus
931 3248 1051 3309 honoris

330 3330 423 3404 Quum
445 3331 547 3408 fuerit,
574 3331 653 3393 clara
675 3330 833 3392 Lateranus
862 3331 927 3391 lucc
952 3331 1099 3408 flagellum

330 3416 430 3475 Sumet
451 3425 481 3475 et
502 3432 654 3476 occursum
674 3433 825 3496 numquam
845 3414 1001 3494 trepidabit
1024 3415 1106 3474 amici

329 3496 390 3558 Iam
412 3500 507 3576 senis,
532 3518 567 3561 ae
590 3500 670 3577 virga
691 3501 771 3578 prior
794 3508 900 3564 annuet
924 3508 1009 3578 atque
1031 3497 1175 3580 maniplos

331 3581 442 3642 Solvet
456 3592 485 3643 et
509 3583 639 3645 infundet
660 3583 790 3643 iumentis
813 3582 924 3644 hordea
946 3582 1041 3642 lassis.

330 3664 462 3741 Interea,
489 3668 554 3727 duum
577 3667 687 3728 lunatas
709 3666 869 3745 robumque
893 3667 1044 3726 iuvencum

332 3747 416 3810 llere
436 3749 547 3813 Numae
570 3751 665 3814 caedit
685 3750 764 3814 louis
786 3760 853 3813 aute
875 3750 993 3830 altaria,
1018 3751 1093 3810 iurat
