3267 4409
326 487 391 554 274
538 496 540 501 '
648 488 693 554 Μ.
708 488 800 554 VAL.
815 487 1043 553 MARTIALIS
1105 522 1110 530 1

412 638 476 703 Sed
488 641 568 701 flens
583 645 676 720 atque
690 658 815 719 gemens
830 641 910 701 tanti
922 645 1016 718 negat
1030 658 1099 700 esse
1116 638 1247 706 salutem

455 725 558 805 Seque
574 725 676 786 refert
689 726 792 804 potins
806 726 1006 805 proposuisse
1020 726 1109 799 morl.

390 809 472 873 5Vir
482 815 588 888 rogat,
610 816 646 873 ut
657 810 738 869 vivat
751 807 868 869 virides
882 827 941 869 nec
958 808 1082 870 deserat
1096 829 1209 891 annos,

452 895 494 956 Et
507 895 579 953 fieri
594 892 676 974 quod
689 894 749 952 iam
762 911 825 951 non
839 893 915 952 facit
927 893 995 973 ipse
1010 894 1094 955 sinit.

409 977 555 1038 Protinus
571 976 721 1038 accedunt
734 975 847 1037 medici
858 975 1057 1055 medicaeque
1072 977 1240 1060 recedunt,

457 1059 689 1144 Tollunturque
705 1059 813 1141 pedes.
848 1061 875 1122 0
890 1061 1044 1123 medicina
1057 1063 1173 1142 gravia!

789 1194 909 1258 LXXII.

411 1309 524 1370 Drauci
535 1309 627 1371 Natta
641 1310 688 1369 sui
702 1312 792 1368 vocat
804 1308 979 1390 pipinnam,

412 1391 551 1455 Collatus
566 1396 616 1455 eui
630 1391 736 1455 Gallus
752 1398 801 1453 est
814 1391 954 1472 Priapus.

782 1523 915 1588 LXXIII.

412 1638 587 1703 Venturum
600 1642 684 1702 iuras
699 1659 823 1721 semper
838 1641 929 1718 mth,
947 1637 1071 1720 Lygde,
1093 1642 1216 1719 roganti

454 1724 686 1803 Constituisque
699 1726 807 1785 horam
823 1725 1046 1805 constituisque
1060 1723 1173 1789 locum.

413 1808 490 1867 Cum
503 1807 620 1868 frustra
634 1809 714 1869 iacui
729 1808 823 1887 longa
835 1809 996 1888 prurigine
1010 1815 1132 1891 tentus,

457 1891 617 1953 Succurrit
630 1912 688 1974 pro
703 1899 736 1954 te
751 1911 844 1973 saepe
859 1893 984 1952 sinistra
998 1895 1082 1955 mihi

396 1974 501 2053 5Quid
514 1994 643 2057 precer,
666 1996 683 2036 o
698 1976 807 2055 fallar,
828 1977 948 2037 meritis
964 1983 996 2037 et
1010 1978 1147 2038 moribus
1160 1977 1251 2039 istis?

454 2059 631 2122 Umbellam
644 2060 766 2142 luseae,
786 2059 910 2142 Lygde,
931 2061 1182 2125 feras'domiuae.

780 2194 917 2259 LXXIV.

406 2307 589 2371 ‚Curandum
604 2318 716 2390 penem
731 2310 884 2370 commisit
897 2309 1030 2369 Baccara
1044 2308 1183 2370 Graecus
1243 2316 1249 2322 “

380 2388 382 2395 ’
454 2391 555 2453 Rivali
569 2393 699 2456 medico.
725 2394 859 2453 Baccara
874 2392 981 2454 Gallus
996 2394 1065 2454 erit.

787 2525 912 2589 LXXV.

416 2638 522 2699 Theca
536 2644 637 2699 tectus
652 2640 770 2703 ahenea
781 2637 902 2701 lavatur

415 2723 548 2802 Tecum,
569 2722 692 2801 Caelia,
715 2744 838 2801 servus3
860 2721 999 2803 utquid,
1023 2743 1094 2803 oro,

413 2808 483 2868 Non
497 2808 538 2868 sit
554 2827 623 2871 cum
637 2809 834 2871 citharoedus
849 2814 901 2869 aut
915 2805 1102 2869 choraules?

412 2892 482 2951 Non
495 2893 557 2970 vis,
577 2897 717 2973 utputo,
738 2892 905 2955 mentulam
919 2891 1037 2956 videre.

334 2974 336 2979 ’
392 2975 516 3052 tQuare
532 2995 599 3036 cum
612 2975 727 3058 populo
745 2976 856 3040 lavaris
872 2977 970 3056 ergo?

415 3060 529 3121 Omnes
544 3080 582 3121 an
596 3062 654 3121 tibi
668 3082 725 3122 nos
739 3083 841 3124 sumus
856 3061 1031 3145 spadones?

414 3145 514 3224 Ergo,
534 3163 575 3206 ne
589 3144 722 3207 videaris
736 3147 895 3224 invidere,

416 3228 528 3308 Servo,
550 3228 673 3310 Caelia,
691 3230 816 3293 fibulam
831 3232 967 3292 remItte.

782 3366 918 3431 LXXVI.

416 3472 562 3552 Solvere,
583 3475 697 3556 Paete,
719 3476 827 3538 decem
844 3478 902 3539 tibi
916 3496 966 3539 me
981 3481 1126 3540 sestertia
1141 3480 1243 3560 cogis,

455 3558 635 3620 Perdiderit
650 3562 790 3640 quoniam
805 3562 906 3623 Bucco
922 3562 1054 3624 ducenta
1066 3565 1134 3624 tibi.

413 3641 460 3700 Ne
474 3649 622 3722 noceant,
645 3665 715 3723 oro,
736 3647 811 3706 mihi
825 3666 887 3707 non
901 3665 969 3709 mea
983 3648 1126 3708 crimina:
1147 3653 1182 3709 tu
1198 3648 1252 3729 qui
1283 3683 1289 3693 ·

455 3726 508 3786 Bis
524 3733 655 3789 centena
669 3737 759 3810 potes
773 3730 925 3810 perdere,
946 3730 1046 3811 perde
1062 3731 1180 3794 decem.
