3267 4409
325 464 386 528 aaa
646 458 1042 524 nvncmanrmars

506 568 509 575 ¹
757 612 923 675 cmxvi

407 716 547 778 Setinum
562 713 763 790 dominaeque
777 713 864 771 niues
880 709 1031 788 densique
1045 709 1196 788 trientes,

450 798 576 877 Quando
592 816 650 876 ego
665 815 718 857 vos
733 795 855 856 medico
869 814 932 854 non
945 793 1132 873 prohibente
1147 794 1274 857 bibami

406 884 525 945 StuItus
541 890 573 943 et
587 885 724 959 ingratus
736 899 794 940 nec
808 886 894 939 tanto
910 896 1038 938 munere
1052 876 1180 956 dignus,

384 969 387 975 ’
449 970 508 1045 Qui
524 967 636 1027 mavolt
653 966 746 1024 heres
763 963 867 1023 divitis
883 980 952 1022 esse
966 961 1081 1022 MIdae.

385 1052 570 1117 5Possideut
582 1051 712 1128 Libycas
728 1066 845 1108 messes
859 1048 1069 1125 Hermumque
1086 1046 1284 1127 Tagumque,

447 1139 488 1198 Et
502 1141 591 1218 potet
605 1132 738 1211 caldam,
760 1133 812 1211 qni
827 1131 902 1190 mihi
915 1130 1006 1203 linet,
1026 1148 1144 1209 aquam.

752 1242 931 1306 LXXXVII.

407 1347 445 1405 Di
460 1347 517 1406 tibi
534 1345 609 1405 dent
624 1348 657 1404 et
672 1351 722 1422 tu,
745 1345 877 1421 Caesar,
900 1322 1100 1424 quaecunque
1116 1340 1263 1404 mereris:

449 1429 486 1489 Di
501 1430 576 1490 mihi
592 1428 668 1489 dent
681 1435 714 1490 et
728 1435 779 1507 tu,
802 1446 881 1507 quae
895 1426 983 1504 volo,
1004 1428 1031 1487 si
1045 1427 1154 1487 merui.

750 1540 942 1603 LXXXVIII.

405 1639 499 1701 Mane
514 1638 640 1699 salutari
653 1659 727 1700 vero
742 1647 775 1700 te
788 1642 912 1700 nomine
929 1657 1017 1717 casn,

447 1723 513 1783 Nea
526 1723 589 1783 dixi
604 1723 775 1800 dominum,
796 1722 992 1801 CaeciIiane,
1012 1739 1123 1781 meum.

407 1807 519 1883 Quanti
533 1806 664 1867 libertas
678 1813 801 1867 constet
815 1807 891 1866 mihi
904 1810 990 1866 tanta
998 1849 1006 1884 ,
1026 1804 1185 1884 requiris?

450 1892 582 1952 Centum
597 1891 783 1970 quadrantes
799 1889 928 1952 abstulit
942 1884 997 1950 illa
1010 1890 1096 1951 mibi.
1197 1886 1200 1897 '

759 2000 923 2063 LXXXIX.

407 2102 485 2162 Cum
499 2105 624 2182 peteret
639 2121 737 2162 seram
752 2100 855 2160 media
868 2103 927 2161 iam
942 2107 1033 2162 nocte
1048 2101 1204 2163 matellam
1224 2118 1228 2123 ·

449 2186 567 2264 Arguto
582 2185 721 2247 madidus
736 2184 851 2266 pollice
867 2186 1054 2264 Panaretus,

409 2269 570 2348 SpoletIna
584 2269 654 2331 data
671 2277 737 2346 est,
758 2268 815 2330 sed
832 2289 921 2348 quam
936 2270 1105 2330 siccaverat
1118 2272 1204 2351 Ipse,

450 2355 515 2413 Nec
532 2354 636 2413 fuerat
652 2353 711 2414 soli
725 2360 790 2413 tota
805 2351 917 2431 lagona
931 2354 1014 2413 satis.

384 2434 467 2497 allle
482 2437 545 2496 Iide
558 2457 673 2497 summa
687 2443 787 2496 testae
801 2456 856 2496 sua
870 2439 938 2495 tina
953 2456 1113 2499 remensus

449 2520 598 2580 Reddidit
612 2521 784 2601 oenophori
798 2518 937 2599 pondera
951 2520 1044 2600 plena
1059 2523 1115 2583 sui.

405 2603 548 2682 Miraris,
571 2610 716 2683 quantum
731 2605 870 2681 biberat,
892 2606 1013 2684 cepisse
1026 2605 1190 2684 lagonam?

447 2690 562 2749 Desine
576 2689 698 2766 mirari,
718 2687 815 2747 Rufe:
837 2706 954 2748 merum
970 2691 1101 2752 biberat.

811 2820 876 2880 XO.

405 2913 570 2974 Moechum
585 2914 690 2976 Gellia
704 2936 767 2978 non
781 2919 877 2979 habet
890 2921 1068 2983 nisinunum.

406 2997 513 3080 'I'urpe
527 3004 590 3060 est:
612 3000 672 3061 hoc
686 3003 800 3081 magis,
821 3023 898 3063 uxor
913 3010 962 3063 est
977 3003 1115 3066 duorum.

803 3137 882 3199 xci.

406 3229 518 3291 Sancta
533 3214 619 3292 ducIs
633 3236 741 3295 summi
756 3238 904 3317 prohibet
919 3255 1049 3297 censura
1062 3244 1210 3318 vetatque

445 3315 617 3378 Moccheri.
647 3317 772 3399 Gaude,
794 3319 904 3399 Zoile,
927 3341 988 3381 non
1003 3321 1109 3383 futuis.

797 3452 889 3516 XCII.

406 3548 549 3610 Caelatus
564 3551 621 3610 tibi
637 3552 775 3626 comsit,
796 3553 953 3629 Anniane,

405 3632 542 3713 Serpens
557 3635 589 3695 in
604 3641 728 3714 patera,
750 3636 900 3714 Myronos
914 3643 1014 3715 artes,

406 3717 554 3779 Vaticana
568 3720 664 3781 bibh:
685 3721 767 3782 bibis
780 3738 940 3781 vencnum.
