3267 4409
292 400 313 437 x
684 452 810 503 ΕΔΤῙΒΔ
832 452 867 501 X.

299 592 491 661 Tantundem
501 600 588 673 atque
611 592 654 653 iiii
674 610 799 653 summas
822 592 931 654 donare
956 592 1083 671 curules,

298 682 383 747 liiunr
407 677 587 739 exercitibus
613 673 822 755 praeponere?
848 687 926 737 tutor
951 677 1053 738 baberi

299 764 443 843 Principis
468 769 589 839 augusta
615 758 794 839 Caprearum
818 762 846 821 in
868 778 940 839 rupe
963 761 1092 821 sedentis

299 848 372 911 curn
397 863 493 925 grege
517 842 686 906 Chaldaeo?
713 846 758 904 vis
780 854 862 905 certe
885 847 960 924 pita,
984 846 1133 923 cohortes,

298 932 449 1013 Egregios
475 930 589 1008 equites
614 938 643 989 et
667 938 762 989 castra
788 926 967 992 domestica?
993 931 1110 1009 quidni.
1253 943 1287 996 95

298 1016 382 1079 ilaec
404 1010 526 1092 captust
549 1022 578 1073 et
600 1014 648 1092 qui
670 1012 770 1073 nolunt
792 1014 930 1074 occidere
952 1032 1134 1094 quemquam,

298 1100 393 1163 Posse
416 1097 527 1159 volunt.
564 1098 623 1158 Sed
645 1116 720 1175 quae
744 1098 896 1175 praeclara
921 1109 949 1158 et
974 1116 1116 1178 prospera
1137 1101 1216 1175 tanti,

297 1184 335 1247 Ut
356 1182 451 1245 rebus
472 1181 556 1241 laetis
580 1184 692 1260 parsit
717 1199 851 1243 mensura
874 1180 1034 1242 maiorum?

298 1268 407 1343 Huius,
433 1268 481 1345 qui
505 1265 642 1341 trabitur,
667 1275 846 1343 praetextam
869 1285 984 1326 sumere
1008 1269 1109 1345 mavis,

298 1354 344 1415 An
367 1350 541 1413 Fidenarum
562 1348 774 1429 Gabiorumque
797 1368 865 1409 esse
892 1360 1023 1429 potestas
1240 1364 1287 1416 100

298 1436 335 1499 itt
358 1436 399 1497 de
421 1452 554 1494 mensura
577 1435 620 1493 ius
642 1434 758 1509 dicere,
780 1452 850 1495 rasa
868 1436 981 1494 minora

296 1520 452 1597 &angere
476 1534 620 1595 pannosus
646 1519 745 1578 vacatis
768 1518 873 1578 aedilis
895 1516 1032 1579 Ulubris?

297 1604 383 1683 Ergo
407 1602 476 1681 quid
501 1602 655 1681 optandum
679 1602 773 1676 ioret,
804 1604 957 1678 ignorasse
984 1603 1084 1663 interis

297 1690 453 1754 Seianum:
479 1687 612 1763 namqui
638 1686 740 1745 nimios
762 1686 882 1763 optabat
907 1686 1033 1748 bonores

295 1772 335 1835 Et
361 1770 465 1833 nimias
487 1770 628 1849 poscebat
650 1787 740 1848 opes,
767 1788 920 1831 numerosa
946 1771 1066 1850 parabat
1240 1786 1287 1837 105

295 1853 452 1919 Excelsae
478 1856 563 1914 turris
588 1852 729 1929 tabulata,
752 1855 828 1915 unde
853 1854 939 1915 altior
961 1864 1042 1915 esset

297 1940 398 2003 (iesus
424 1946 453 1997 et
478 1936 619 2016 impulsae
644 1956 788 2017 praeceps
812 1940 932 1998 immane
955 1941 1065 1999 ruinae.

297 2023 379 2101 Quid
403 2018 544 2097 Crassos,
570 2021 637 2100 quid
662 2023 820 2100 Pompeios
846 2024 967 2099 evertit,
993 2023 1136 2100 atillam,

247 2152 248 2175 t
296 2109 345 2171 Ad
371 2123 425 2167 sua
450 2107 498 2186 qui
522 2106 645 2166 domitos
669 2106 787 2167 deduxit
810 2107 900 2184 iiagra
922 2103 1071 2179 Quirites?

246 2194 250 2261 i
297 2193 436 2254 Summus
460 2207 564 2269 nempe
591 2189 674 2250 locus
700 2190 777 2250 nulia
802 2210 859 2251 non
886 2201 948 2252 arte
970 2193 1088 2269 petitus,
1237 2207 1288 2257 110

297 2276 466 2355 Magnaque
491 2273 648 2333 numinibus
671 2284 739 2334 vota
762 2276 897 2336 exaudita
919 2274 1059 2352 malignis.

298 2361 346 2422 Ad
373 2376 514 2437 generum
541 2356 657 2419 Cereris
683 2362 745 2418 sinc
770 2360 862 2419 caede
886 2378 921 2421 ac
941 2359 1071 2421 vulnere
1087 2361 1172 2440 pauci

298 2441 493 2505 Descendunt
514 2460 604 2520 reges
628 2452 657 2502 et
680 2444 759 2503 sicca
785 2453 879 2503 morte
901 2446 1022 2520 tyranni.

342 2526 501 2605 Eioqm'um
521 2545 556 2588 ac
575 2527 677 2586 ianam
699 2526 908 2588 Demosthenis
932 2538 980 2589 aut
1004 2526 1157 2590 Ciceronis
1278 2596 1280 2600 ,

298 2610 410 2689 Incipit
433 2620 536 2689 optare
559 2620 588 2671 et
612 2611 680 2670 totis
696 2610 925 2690 Quinquatribus
948 2622 1040 2691 optat,
1242 2625 1289 2678 115

247 2748 248 2763 ,
301 2694 445 2773 Quisquis
471 2693 564 2755 adbuc
589 2712 645 2753 uuo
668 2712 784 2772 parcam
807 2695 879 2756 colit
906 2715 972 2757 asse
996 2696 1164 2773 biinerram,

301 2779 398 2856 Quem
425 2780 555 2857 sequitur
577 2787 675 2839 custos
700 2787 840 2856 angustae
864 2781 984 2842 vernula
1011 2798 1129 2859 capsae.

301 2862 433 2942 Eloquio
457 2862 510 2922 sed
533 2871 654 2941 uterquc
679 2865 753 2941 perit
775 2873 889 2934 oraton
915 2875 1064 2940 utrumque

300 2948 417 3025 Largus
441 2955 471 3006 et
496 2946 643 3007 exundans
664 2946 723 3007 leto
746 2947 825 3008 dedit
850 2950 957 3027 ingenii
980 2949 1056 3009 icns.

300 3030 425 3109 iugenio
448 3048 547 3091 manus
572 3040 617 3091 est
644 3040 673 3091 et
695 3033 796 3091 cervix
817 3050 920 3107 caesa;
947 3051 1002 3095 nec
1024 3047 1155 3109 umquam
1242 3040 1291 3091 120

302 3115 454 3193 Sanguine
481 3116 618 3175 causidici
643 3115 811 3175 maduerunt
834 3127 931 3178 rostra
954 3117 1063 3197 pusilli.

302 3198 527 3261 Oiortunatam
548 3208 642 3259 natam
667 3217 713 3259 me
738 3200 860 3260 consule
885 3201 1006 3262 Romam
1026 3234 1068 3245 —

302 3283 415 3345 Antoni
436 3283 551 3360 gladios
573 3285 666 3361 potuit
689 3293 892 3361 contemnere,
915 3287 940 3345 si
962 3287 1006 3345 sic

301 3368 407 3431 Omnia
430 3366 562 3427 dixisset.
600 3366 732 3427 Ridenda
755 3377 890 3446 poemata
911 3369 999 3445 malo,

302 3452 399 3528 Quam
421 3459 451 3511 te
473 3452 667 3528 conspicuae,
690 3451 784 3513 diviua
804 3452 982 3531 Philippica,
1006 3451 1111 3522 famae,
1241 3459 1291 3511 125

301 3535 444 3597 volveris
468 3552 486 3596 a
508 3536 600 3613 prime
622 3553 698 3614 quae
723 3537 862 3614 proxima.
899 3537 1010 3597 Saevus
1034 3542 1062 3593 et
1085 3533 1166 3593 illum

300 3620 409 3683 Exitus
432 3619 554 3699 eripuit,
580 3637 666 3697 quem
692 3619 866 3679 mirabuntur
890 3619 1023 3680 Athenae
1096 3624 1101 3633 '

302 3705 479 3768 Torrentem
504 3711 534 3763 ct
559 3704 637 3782 pleni
659 3704 855 3765 moderantem
878 3704 959 3765 irena
982 3704 1129 3848 theotrig*
