3267 4409
646 556 691 617 Μ.
708 553 800 618 VAL.
817 553 1043 617 MARTIALIS

813 756 879 819 XL.

411 872 470 947 Qui
485 869 570 931 ducis
584 844 686 931 ¹voltus
703 874 735 930 et
753 889 814 929 nou
828 868 908 947 legis
923 870 982 929 ista
998 867 1151 948 libenter,
1176 832 1179 837 Ι

452 955 599 1016 Omnibus
612 952 766 1033 invideas,
787 952 900 1032 livide,
923 972 1012 1013 nemo
1027 954 1095 1013 tibi.

806 1086 884 1150 XLI.
945 1089 952 1102 '

408 1202 551 1262 Urbanus
565 1203 640 1279 tibi,
662 1201 796 1280 Caecili,
817 1180 941 1262 videris.

408 1286 478 1345 Non
493 1305 542 1364 es,
564 1285 658 1346 crede
672 1288 756 1348 mihi,
788 1286 870 1363 Quid
888 1286 984 1364 ergo?
1005 1303 1115 1364 verna,

410 1371 478 1429 Hoc
494 1369 576 1448 quod
590 1371 829 1431 transtiberinus
846 1369 1035 1450 ambulator,

410 1455 470 1529 Qui
484 1452 633 1532 pallentia
648 1452 828 1534 sulphurata
841 1455 949 1515 fracti·

390 1539 571 1597 5Permutat
583 1539 709 1615 vitreis,
730 1538 814 1616 quod
828 1539 945 1598 otiosae

411 1622 529 1683 Vendit
542 1623 594 1700 qui
608 1621 761 1681 madidum
777 1624 861 1682 cicer
876 1640 1024 1698 coronae,

411 1705 500 1780 Quod
514 1713 616 1766 custos
631 1706 833 1784 dominusque
846 1707 1038 1786 viperarum,

411 1789 500 1864 Quod
514 1788 591 1849 viles
605 1793 696 1870 pueri
710 1789 907 1869 salariorum,

411 1872 500 1948 Quod
513 1874 660 1933 fumantIa
676 1875 727 1951 qui
741 1873 873 1933 tomacla
888 1892 997 1933 raucus

292 2018 299 2025 ,
369 1968 403 2019 10
411 1957 599 2017 Circumfert
613 1957 728 2040 tepidis
743 1977 834 2017 cocus
848 1958 989 2042 popinis,

412 2041 502 2117 Quod
517 2061 579 2100 uon
593 2044 726 2121 optimus
741 2043 866 2101 urbicus
880 2048 989 2121 poeta,

411 2125 502 2200 Quod
514 2124 554 2186 de
570 2125 706 2186 Gadibus
720 2127 878 2205 improbus
892 2125 1050 2202 magister,

411 2209 501 2285 Quod
516 2212 612 2270 bucca
626 2216 675 2269 est
691 2209 786 2268 vetuli
801 2210 889 2270 dicax
902 2207 1033 2269 clnaedi.

411 2295 513 2369 Quare
530 2294 637 2354 desine
651 2295 711 2352 iam
725 2295 783 2353 tibi
798 2293 898 2353 videri
927 2338 929 2343 ι

369 2377 499 2454 15Quod
514 2376 573 2438 soli
587 2378 659 2454 tibi,
680 2378 814 2455 Caecili,
835 2376 967 2454 videris,

415 2464 474 2537 Qui
489 2462 626 2522 Gabbam
641 2461 754 2521 salibus
770 2463 831 2521 tuis
847 2467 880 2520 et
893 2462 994 2540 ipsum
1030 2492 1032 2501 ·
1068 2496 1077 2505 .

412 2546 525 2605 Posses
540 2547 665 2604 viucere
681 2545 821 2604 Tettium
836 2543 1003 2605 caballum.
1071 2568 1074 2573 ·
1159 2596 1166 2605 ,

411 2631 480 2689 Non
498 2631 668 2707 cuicunque
683 2629 785 2689 datum
801 2630 979 2689 esthabere
993 2646 1114 2690 nasum:

410 2713 505 2774 Ludit
519 2715 570 2791 qui
585 2713 698 2773 stolida
711 2714 916 2792 procacitate,

369 2798 477 2860 20Nou
493 2804 542 2857 est
556 2786 767 2875 Tettiusille,
789 2796 846 2857 sed
861 2793 1005 2857 caballus.

729 2942 731 2949 ⁴
779 2929 895 3007 Ιιιιιι.

412 3060 559 3138 Coniugis
575 3058 712 3119 audisset
725 3059 822 3118 fatum
837 3077 905 3117 cum
918 3057 1030 3116 Porcia
1042 3056 1132 3116 Bruti

453 3145 494 3203 Et
510 3136 664 3203 subtracta
679 3144 738 3203 sibi
754 3148 922 3222 quaereret
939 3160 1022 3200 arma
1036 3138 1143 3219 dolor,

412 3227 575 3306 „Nondum
590 3228 698 3286 scitis“
713 3228 755 3286 ait
768 3230 922 3305 „mortem
937 3243 1000 3284 non
1013 3242 1106 3306 poue
1120 3223 1250 3304 negari?

454 3311 670 3388 credideram,
690 3311 762 3370 fatis
776 3312 836 3370 hoc
851 3310 993 3369 docuisse
1007 3308 1161 3389 patrem.“
1220 3382 1223 3387 Ι

392 3396 498 3456 anteit
513 3403 545 3454 et
560 3394 706 3455 ardentes
721 3394 808 3454 avido
825 3394 904 3454 bibit
919 3411 974 3452 ore
988 3388 1126 3453 favillas:

453 3481 465 3540 I
480 3500 560 3539 nune
575 3487 608 3539 et
622 3477 756 3556 ferrum,
778 3478 869 3537 turba
887 3474 1034 3555 molesta,
1053 3490 1141 3558 nega.

797 3611 901 3673 XLIII.

411 3725 463 3783 Bis
478 3725 536 3783 tibi
550 3725 662 3784 triceni
676 3724 805 3802 fuimus,
827 3724 989 3802 Manciae,
1010 3724 1112 3784 vocati

452 3811 494 3869 nt
507 3810 641 3889 positum
656 3816 704 3868 est
717 3810 807 3869 nobis
822 3806 868 3867 nil
881 3809 958 3869 here
972 3815 1100 3888 praeter
1113 3808 1236 3889 aprum,
