3267 4409
631 471 757 522 suumn
779 472 837 522 xv.
910 496 914 501 -
1222 463 1280 528 tot

296 614 330 678 nt
354 613 454 673 urunt
476 602 598 672 omncs?
621 630 693 690 crgo
715 614 812 672 acrior
834 600 975 693 impetus,
1000 622 1030 675 et
1052 614 1107 677 iam
1182 600 1185 607 ¹

297 700 375 763 Saxa
396 696 540 757 inclinatis
564 714 619 775 per
640 696 752 756 bumum
775 699 905 775 quaetita
927 698 1045 759 lacertis

295 780 441 861 Incipiunt
463 788 619 861 torquere,
641 780 801 840 domestica
822 776 957 842 seditioni

297 865 389 943 l'ela,
411 882 468 925 nec
488 864 564 923 bunc
586 864 724 942 lapidem,
749 864 852 943 quales
874 873 905 926 et
926 864 1039 926 'iurans
1061 872 1092 927 et
1113 865 1199 944 Aiax,
1250 877 1284 933 65

296 950 354 1011 Vel
378 965 436 1030 qno
459 948 587 1023 Tydides
608 949 752 1028 percussit
773 948 905 1027 pondere
927 968 1031 1010 coxam

297 1034 434 1109 Aeneae,
460 1031 513 1091 sed
533 1047 618 1110 quern
640 1032 757 1091 valeant
778 1034 911 1094 emittere
934 1034 1057 1094 dextrae

296 1118 361 1181 illis
382 1116 538 1178 dissimiles
561 1125 591 1175 et
613 1124 713 1175 nostro
735 1124 869 1195 tempore
890 1127 984 1179 natae.
1115 1154 1118 1159 ·

296 1201 371 1265 Nam
391 1218 484 1279 genus
507 1200 564 1259 hoc
585 1201 652 1259 nivo
674 1200 729 1259 iarn
750 1200 944 1262 decrescebat
965 1200 1106 1269 Homero:

298 1286 394 1349 Terre
410 1284 503 1345 malos
524 1284 655 1343 homines
678 1302 752 1345 nunc
778 1284 884 1345 educat
908 1295 995 1366 atque
1017 1284 1151 1365 pusillos.
1249 1294 1284 1352 70

297 1369 381 1448 Ergo
407 1368 495 1443 deus,
520 1369 693 1447 quicumque
718 1370 849 1446 aspexit,
874 1370 950 1430 ridet
972 1378 1001 1430 et
1024 1369 1094 1429 odit.

341 1452 571 1514 Adeuerticnlo
596 1460 745 1531 repetatur
767 1451 873 1512 iabula.
909 1453 1075 1532 Postquam,

298 1536 442 1602 Subsidiis
463 1537 557 1613 aucti,
580 1553 648 1615 pars
670 1535 763 1596 altera
784 1554 920 1615 proruere
942 1538 1051 1597 terrum

298 1621 398 1683 Audet
419 1629 449 1681 et
472 1620 583 1679 infestis
604 1637 730 1699 pugnam
752 1621 912 1682 instaurare
936 1623 1066 1699 sagittis:

299 1705 397 1783 Terga
422 1704 490 1781 iuga
514 1704 606 1764 cele!
627 1712 792 1783 praestant,
819 1705 989 1767 instantibus
1012 1703 1122 1785 Ombis,
1252 1716 1285 1771 75

300 1788 357 1865 Qui
378 1790 472 1849 vicina
498 1788 598 1848 colunt
619 1787 773 1849 umbrosae
796 1788 923 1865 Tentyra
945 1789 1069 1870 palmae.

298 1872 417 1935 Labitur
443 1872 508 1931 binc
534 1870 664 1950 quidam,
692 1873 776 1932 ninria
798 1873 951 1933 tormidine
976 1890 1092 1933 cursum

299 1956 518 2036 Praecipitans,
543 1958 728 2035 capiturqus;
756 1965 801 2015 ast
826 1958 956 2017 illumin
978 1956 1234 2036 plurima-sectum

298 2038 403 2103 Frusta
429 2049 458 2100 et
479 2040 651 2119 particulas,
673 2049 703 2099 ut
729 2040 824 2100 multis
846 2050 973 2101 mortuns
994 2057 1067 2100 unus
1185 2068 1189 2075 ·

299 2124 474 2199 Sufficeret,
497 2133 587 2184 toturn
610 2126 738 2183 corrosis
760 2124 876 2183 ossibus
903 2124 962 2185 edit
1248 2135 1284 2189 80

298 2208 413 2271 Victrix
437 2208 536 2285 turba,
559 2226 614 2268 nec
636 2208 747 2268 ardenti
771 2208 889 2268 decoxit
911 2224 986 2269 aeno

300 2293 360 2357 Aut
381 2292 513 2361 veribus:
538 2292 655 2369 longum
677 2294 863 2371 usqueadeo
885 2294 1053 2373 tardumque
1075 2295 1187 2372 putavit

300 2376 485 2457 Exspectare
508 2378 609 2451 locos,
634 2384 770 2437 contenta
793 2378 937 2437 cadavere
958 2377 1058 2438 crudo.

300 2462 354 2523 llic
375 2461 505 2539 gaudere
527 2460 615 2535 libet,
639 2461 716 2541 quod
739 2477 796 2520 non
819 2461 973 2522 violaverit
994 2462 1102 2540 ignem,

301 2546 396 2621 Quem
417 2561 525 2604 summa
551 2546 627 2604 coeli
649 2554 761 2623 raptum
785 2545 822 2605 de
844 2556 928 2626 parte
949 2546 1140 2608 Prometheus
1251 2558 1285 2612 85

300 2628 427 2691 Donavit
448 2631 549 2697 terris;
573 2629 730 2709 {elemento
755 2630 889 2707 gratulor
911 2640 940 2691 et
960 2640 991 2691 ts

300 2712 457 2776 Exsultare
480 2713 571 2792 reon]
609 2714 667 2774 Sed
691 2716 738 2793 qui
758 2715 895 2774 mordere
917 2715 1044 2793 cadaver

301 2798 457 2870 Sustinuit,
481 2797 521 2857 nil
542 2814 673 2875 umquam
696 2797 750 2857 bac
773 2814 861 2858 carno
883 2798 1020 2858 libentius
1043 2798 1117 2867 edit;

301 2881 374 2943 llam
395 2880 512 2940 scolere
534 2883 561 2940 in
584 2890 664 2941 tanto
686 2900 723 2941 ne
743 2899 866 2962 quaeras
889 2890 919 2940 et
939 2881 1055 2942 dubites
1076 2900 1113 2942 an

300 2966 395 3029 Prima
414 2965 592 3044 voluptatem
613 2966 680 3043 gula
700 2968 840 3035 senserit3
863 2965 978 3025 ultimus
1002 2974 1098 3027 nutem
1250 2974 1286 3030 90

302 3049 359 3125 Qui
380 3050 476 3124 stetit,
499 3049 650 3128 absumpto
674 3052 728 3110 iarn
750 3059 814 3110 toto
837 3066 982 3129 corpore,
1004 3050 1098 3110 ductis

300 3132 360 3215 Per
384 3141 490 3193 terram
517 3134 613 3211 digitis
636 3134 741 3214 aliquid
765 3135 801 3195 de
827 3136 967 3202 sanquine
989 3142 1094 3212 gustat.

300 3216 471 3294 Vascones,
495 3217 567 3277 baec
590 3218 665 3279 lama
689 3228 752 3294 est,
779 3219 923 3279 alimentis
946 3219 1051 3278 talibus
1077 3217 1145 3277 olim

300 3301 471 3363 Produxere
494 3304 617 3361 animas:
645 3300 696 3363 sed
719 3320 769 3361 res
789 3302 921 3375 diversa,
944 3303 998 3364 sed
1023 3302 1084 3362 illic

300 3385 449 3448 Fortunae
473 3385 576 3446 invidia
600 3395 644 3449 est
663 3385 867 3466 bellonrmque
892 3386 1006 3465 ultima,
1032 3402 1116 3447 casua
1250 3392 1286 3451 96

300 3468 450 3543 Extremi,
475 3469 582 3547 longae
606 3470 667 3531 dira
694 3470 853 3531 obsidionis
875 3480 1004 3548 egestas.

299 3552 392 3617 liuius
413 3555 503 3630 enint,
527 3554 603 3634 quod
628 3572 704 3614 nnnc
724 3556 834 3632 agitur,
855 3554 1022 3614 miserabile
1045 3551 1134 3614 debet

300 3635 476 3716 Exemplum
498 3656 566 3697 esse
588 3638 662 3714 cibi,
685 3640 760 3698 sicut
783 3638 871 3698 modo
897 3637 974 3698 dicta
995 3637 1063 3698 mibi
1084 3654 1158 3714 gens

299 3722 382 3806 rost,
398 3737 498 3783 omnes
523 3720 645 3801 herbas,
669 3730 737 3804 post
758 3730 861 3784 cuncta
882 3721 1031 3801 animalia,
1053 3719 1191 3803 quidquid
