3267 4409
271 410 279 421 Ι
325 467 370 534 58
645 465 690 529 Μ.
706 465 798 530 VAL.
814 464 1042 529 Mammula

406 621 524 683 Trunci
538 620 664 681 mribus
679 621 864 699 auribusque
878 620 987 684 voltns.

406 705 518 767 Credis
532 712 566 766 te
581 706 655 765 satis
670 723 739 764 esse
757 705 967 767 vindicatum?

312 840 314 844 a
383 791 514 853 sllrras:
535 791 596 851 iste
606 796 716 872 potest
724 796 762 850 ‘et
776 791 938 854 irrumare.

756 937 923 1018 lxxxiv.

404 1057 512 1122 Mollis
526 1064 594 1119 erat
608 1055 773 1136 facilisque
787 1057 863 1117 viris
877 1057 1044 1120 Poeantius
1059 1061 1169 1122 heros:

447 1141 588 1207 Volnera
601 1144 646 1203 sic
659 1140 782 1202 Paridis
798 1141 912 1202 dicitur
929 1143 993 1203 ulta
1007 1142 1122 1208 Venus.

405 1229 469 1289 Cur
483 1227 581 1306 liugai
596 1246 728 1287 cunnum
743 1225 865 1286 Siculus
880 1227 1055 1307 Sertorius,
1076 1230 1137 1290 hoc
1152 1236 1216 1292 est:

446 1313 584 1373 Abshoc
598 1312 735 1391 occisus,
756 1312 855 1392 Rufo,
876 1311 1001 1373 videtur
1014 1313 1108 1394 Eryx.
1142 1322 1145 1326 '

766 1459 917 1523 LXXXV.

374 1635 376 1639 ,
403 1580 526 1645 Vimine
542 1578 626 1640 clusa
638 1581 701 1642 levi
715 1582 824 1641 niueae
839 1580 978 1641 custodia
994 1587 1117 1662 coctae,

445 1665 514 1725 IIoc
529 1666 588 1725 tibi
603 1666 729 1726 Saturni
743 1672 886 1745 tempore
905 1685 1013 1726 munus
1030 1668 1101 1729 erit.

402 1749 489 1810 Dona
504 1749 586 1830 quod
601 1750 727 1810 aestatis
741 1751 810 1809 misi
824 1750 881 1809 tibi
897 1769 1003 1811 mense
1017 1751 1199 1829 Decembri,

375 1850 378 1859 ·
447 1834 481 1895 Si
497 1836 654 1914 quereris,
676 1853 776 1893 rasam
790 1839 824 1894 tu
839 1834 914 1894 mihi
929 1836 1018 1896 mitte
1032 1841 1145 1914 togam.

755 1983 921 2048 LXXXVI.

404 2101 493 2179 Quod
507 2121 566 2162 nco
583 2103 716 2162 carmine
732 2100 849 2181 glorior
866 2102 975 2182 supino

402 2186 469 2247 Nec
482 2195 569 2247 retro
583 2185 655 2266 lego
671 2185 808 2247 Sotaden
823 2186 1001 2264 cinaedum,

402 2271 558 2348 Nusquam
573 2271 725 2331 Graecula
741 2270 824 2350 quod
838 2276 980 2331 recantat
991 2272 1069 2332 echo

402 2354 469 2415 Nec
484 2353 581 2415 dictat
594 2356 669 2414 mihi
683 2354 860 2416 luculentus
874 2357 957 2416 Attis

382 2437 539 2500 5Mollem
554 2438 716 2499 debilitate
732 2439 934 2518 galliambon:
1051 2458 1054 2464 ·

404 2521 474 2582 Non
489 2543 570 2601 sum,
594 2522 749 2601 classice,
770 2531 832 2585 tam
848 2522 945 2584 malus
958 2529 1063 2604 poeta.

406 2605 503 2684 Quid,
525 2609 550 2667 si
569 2623 628 2687 per
642 2607 773 2686 graciles
787 2610 851 2668 vias
865 2609 988 2689 petauri

404 2692 535 2752 Invitum
548 2693 655 2752 iubeas
672 2693 776 2752 subire
790 2692 918 2753 Ladan?

405 2775 512 2855 Turpe
528 2783 575 2836 est
591 2775 736 2858 difficiles
752 2778 869 2837 habere
882 2797 977 2856 nugas

363 2860 443 2921 1oEt
457 2858 571 2920 stultus
582 2860 670 2921 labor
684 2867 733 2920 est
747 2863 942 2942 ineptiarum.

404 2944 527 3005 Scribat
542 2947 675 3005 carmina
690 2945 813 3006 circulis
828 2946 1009 3024 Palaemon,
1037 2974 1040 2980 ·
1108 2988 1113 3000 ·

402 3029 458 3090 Me
473 3031 552 3090 raris
565 3031 648 3090 iuvat
662 3031 785 3090 auribus
800 3029 937 3112 placere.
1041 3056 1046 3065 ’

656 3199 658 3202 -
747 3180 952 3244 Lxxxvn-
1077 3138 1080 3145 ⁴

402 3287 487 3349 Dicis
503 3310 607 3352 amore
621 3295 666 3353 tni
681 3293 781 3354 bellas
796 3292 908 3352 ardere
923 3292 1058 3373 puellos,

437 3373 504 3448 Qui
518 3375 629 3436 faciem
645 3378 700 3438 sub
716 3397 808 3456 aqua,
831 3377 943 3456 Sexte,
963 3377 1097 3437 natantis
1110 3377 1216 3440 habes.

738 3524 929 3588 LXXXVIII.

400 3629 453 3694 Ni1
467 3634 581 3694 recitas
597 3642 629 3695 et
641 3639 703 3716 vis,
725 3639 899 3718 Mameroe,
921 3646 1015 3720 poeta
1028 3640 1138 3705 videri.
1190 3666 1194 3677 ’

444 3717 603 3799 Quidquid
617 3721 663 3782 vis
678 3728 762 3803 esto,
785 3722 949 3786 dummodo
965 3724 1011 3786 nil
1023 3727 1148 3787 recites.
