3267 4409
326 455 368 518 68
644 453 690 516 Μ.
706 450 799 516 VAL.
814 450 1042 514 MARTIALIS

389 610 484 689 angit
499 609 660 669 Atestinus
678 625 782 667 causas
801 611 834 666 ct
850 606 951 681 Civis3
973 598 1160 689 (utrumque

451 688 590 777 Noras3]
608 691 665 752 sed
679 693 785 751 neutri
798 691 908 771 pensio
922 696 988 751 tota
1002 690 1071 753 luit.

409 777 466 858 „Si
479 776 559 837 nihil
573 778 645 836 hinc
661 777 782 852 veniet,
797 781 972 855 pangentur
986 774 1122 834 carmina
1135 768 1240 839 nobis:

452 862 614 939 Audieris,
636 860 721 920 dices
738 878 807 919 esse
823 860 963 919 Maronis
979 858 1089 938 opus.“

408 948 542 1008 insanis:
564 964 671 1006 omnes
686 942 799 1023 gelidis
814 945 990 1022 quicunque
1004 941 1141 1002 lacernis

367 1044 401 1095 10
450 1032 528 1091 Sunt
540 1032 601 1108 ibi,
619 1030 757 1090 Nasones
772 1025 1101 1106 Vergiliosqueviales.
1149 1045 1152 1050 ·

407 1117 518 1195 „Atria
532 1133 639 1193 magna
652 1112 784 1175 colam.“
814 1113 874 1176 VIr
888 1118 954 1171 tres
976 1115 1028 1171 aut
1043 1117 1189 1190 quattuor
1204 1114 1262 1175 ista

449 1201 512 1259 Res
528 1197 620 1275 aluit,
640 1196 740 1277 pallet
755 1203 862 1256 cetera
877 1198 969 1256 turba
983 1196 1073 1256 lame.

408 1282 512 1363 „Quid
526 1282 659 1342 faciam‘.²
673 1280 783 1341 suade:
799 1300 869 1340 nam
884 1288 1004 1341 certum
1019 1283 1068 1339 est
1077 1279 1183 1340 virere
1197 1281 1305 1345 Romae

450 1368 484 1427 Si
500 1368 598 1426 bonus
615 1384 666 1444 cs,
688 1385 759 1425 casu
774 1365 896 1443 rivere,
920 1365 1148 1445 Sextcppotes.

756 1513 894 1576 XXXIX.
996 1506 1005 1516 ’

407 1626 501 1687 lliaco
519 1625 652 1688 similem
666 1645 813 1707 puerum,
835 1626 1000 1705 Faunine,
1021 1627 1163 1688 ministro

448 1711 547 1771 Lusca
560 1712 689 1790 Lycoris
705 1715 792 1771 amat.
823 1710 920 1784 Quam
937 1711 1018 1770 bene
1035 1709 1122 1771 lusca
1135 1709 1240 1772 ridet!

813 1859 877 1920 XL.

405 1971 515 2032 Mutua
530 1969 612 2052 quod
626 1972 715 2031 nobis
729 1978 780 2033 ter
794 1972 1009 2051 quinquagena
1025 1970 1140 2034 dedisti

448 2057 495 2128 Ex
509 2057 618 2137 opibus
632 2057 743 2132 tantis,
766 2076 840 2134 quas
857 2058 956 2134 gravis
972 2076 1042 2115 arca
1056 2059 1189 2138 premit,

404 2140 483 2201 Esse
497 2143 555 2201 tihi
569 2160 713 2219 magnus,
735 2139 901 2218 Telesino,
921 2138 1037 2200 videris
1052 2143 1175 2204 amicus.

448 2226 498 2284 'l‘u
512 2244 653 2304 magnus,
674 2223 757 2304 quod
771 2224 851 2284 das?
872 2227 964 2284 immo
979 2242 1054 2304 ego,
1076 2225 1160 2305 quod
1175 2228 1300 2309 recipie.

800 2372 880 2436 XLI.

405 2485 526 2545 Inserta
540 2481 666 2563 phialae
680 2484 836 2545 Mentoris
852 2505 942 2545 manu
957 2484 1048 2547 ducta

404 2569 535 2629 Lacerta
552 2568 628 2628 vivit
641 2574 674 2628 ct
688 2571 816 2629 timetur
832 2577 1000 2648 argentum.

803 2717 894 2779 LXII.

402 2831 554 2891 Lomento
570 2849 660 2908 rugas
675 2831 757 2889 uteri
773 2829 855 2908 quod
870 2830 1006 2892 condere
1021 2838 1171 2912 temptas,

383 2953 392 2967 -
445 2913 552 2993 Polla,
573 2916 631 2975 tibi
643 2919 802 2991 ventrem,
824 2933 886 2974 non
902 2917 977 2976 milri
993 2915 1080 2976 labra
1093 2916 1176 2981 linis.

404 2998 596 3079 Simpliciter
610 3006 715 3079 pateat
728 2999 836 3059 vitium
850 3000 983 3061 fortasse
997 2999 1158 3081 pusillum:

447 3072 537 3162 Quo'd
551 3085 685 3164 tegitur,
708 3102 848 3162 magnum
864 3084 1003 3147 creditur
1018 3103 1087 3145 esse
1102 3085 1222 3150 malum.

788 3237 892 3297 XLIII.

402 3361 549 3421 Mentiris
563 3364 705 3424 iuvenem
719 3365 842 3441 tinctis,
861 3363 1010 3440 Laetior,
1032 3360 1173 3442 capillis,

444 3445 522 3504 'Iam
534 3448 636 3507 subito
651 3467 776 3525 corvus,
798 3448 849 3524 qui
864 3447 954 3507 modo
973 3463 1088 3524 cygnus
1103 3465 1181 3509 eras.
1241 3441 1255 3454 ’

400 3527 469 3587 Non
483 3547 589 3589 omnes
604 3532 703 3604 lallis;
724 3532 783 3590 scit
795 3539 827 3590 te
842 3531 1030 3611 Proserpina
1044 3551 1166 3591 canum:

442 3612 609 3675 Personam
624 3615 716 3696 capIti
730 3613 874 3676 detrahet
891 3615 944 3675 illa
959 3623 1021 3675 tuo.
