3267 4409
304 534 390 634 ¹sarco
644 567 1043 637 M.van.o1auT1Au1s

273 792 276 799 f
369 733 403 786 15
410 723 552 802 Quamvis
565 741 628 782 non
642 720 762 782 modico
779 719 901 783 caleant
915 719 1090 804 spectacula
1103 719 1189 804 sole,

453 806 532 870 Vela
546 806 753 884 reducuntur,
776 826 844 867 cum
857 809 943 868 veuit
956 808 1180 885 Hermogenes.

410 891 573 951 Festinant
588 889 704 970 trepidi
719 891 931 968 substringere
947 893 1072 951 carbasa
1084 898 1223 969 nautae‚·

453 974 503 1035 Ad
516 981 639 1054 portum
655 975 797 1052 quotiens
811 976 916 1054 paruit
929 975 1152 1052 Hermogenes.

410 1059 550 1137 Linigeri
562 1059 685 1137 fugiunt
699 1056 776 1117 calvi
789 1059 975 1137 sistrataque
989 1060 1096 1135 turba,

367 1153 403 1206 20
450 1142 535 1202 Inter
549 1142 712 1202 adorantes
728 1161 795 1206 cum
810 1143 898 1202 stetit
912 1144 1136 1220 Hermogenes.

409 1226 459 1288 Ad
474 1245 580 1287 cenam
595 1227 808 1304 Hermogenes
823 1246 961 1306 mappam
977 1245 1039 1285 non
1058 1224 1161 1287 attulit
1176 1245 1315 1306 uuquam,

400 1360 404 1367 .
452 1312 572 1372 Acena
585 1329 708 1391 semper
721 1307 847 1370 rettulit
859 1312 1083 1389 Hermogenes.
1269 1312 1273 1317 '

800 1472 895 1534 XXX.

328 1630 332 1635 -
412 1590 535 1667 Siccus,
557 1591 677 1650 sobrius
694 1595 742 1650 est
755 1590 858 1669 Aper3
881 1588 955 1668 quid
970 1587 1009 1649 ad
1023 1591 1096 1650 me?
1126 1636 1135 1642 .

411 1673 538 1734 Servum
551 1675 595 1734 sie
611 1692 668 1753 ego
683 1673 793 1752 laudo,
815 1693 877 1733 nou
893 1675 1029 1735 amicum.

789 1820 898 1885 XXXI.

379 1953 382 1960 ·
410 1935 480 1995 Hoc
494 1951 618 2013 nemus,
638 1933 806 2012 bisontes,
827 1934 905 1993 hacc
919 1930 1038 1993 textilis
1052 1935 1159 1994 umbra
1174 1936 1276 2017 supini

452 2016 609 2097 Palmitis,
631 2019 691 2078 hoe
704 2021 810 2098 riguae
826 2015 943 2078 ductile
958 2019 1072 2077 flumen
1087 2036 1200 2097 aquae,

409 2102 564 2182 Prataque
578 2121 637 2162 nec
652 2104 753 2163 bifero
769 2121 894 2163 cessura
907 2103 1025 2183 rosaria
1038 2101 1151 2161 Paesto
1172 2106 1175 2111 '

452 2187 603 2265 Quodque
618 2188 699 2247 viret
713 2188 777 2247 lani
793 2203 915 2263 mense,
938 2203 997 2245 neo
1011 2183 1096 2263 alget
1109 2184 1196 2267 olus;

389 2270 561 2350 siluaeque
578 2277 664 2331 natat
679 2271 772 2332 clusis
788 2268 921 2349 anguilla
936 2268 1104 2330 domestica
1118 2269 1269 2353 lymphis,

452 2356 600 2434 Quaeque
616 2356 698 2433 gerit
713 2354 831 2416 similes
846 2352 975 2414 candida
990 2354 1086 2413 turris
1102 2374 1188 2415 aves:

409 2437 541 2499 Munera
556 2445 627 2498 sunt
641 2438 794 2499 dominae:
816 2444 888 2519 post
902 2438 1032 2519 septima
1043 2435 1141 2498 lustra
1155 2457 1282 2501 reverso

452 2522 518 2581 Hos
533 2520 688 2597 Marcella
701 2523 783 2583 lares
797 2541 952 2601 parvaque
968 2541 1064 2600 regna
1078 2519 1174 2584 dedit.

411 2605 445 2665 Si
461 2607 536 2665 mihi
550 2605 699 2666 Nausicaa
712 2608 830 2685 patrios
845 2605 1034 2667 concederet
1049 2607 1174 2685 hortos,

369 2699 405 2752 10
451 2688 586 2750 ilicinoo
600 2708 724 2770 possem
739 2690 846 2750 dicere
862 2688 969 2768 „Malo
982 2689 1100 2752 meos.“

787 2853 910 2919 XXXII.

410 2967 436 3028 0
450 2963 595 3028 Iuliarum
609 2962 744 3028 dedecus
757 2964 979 3044 Kalendarum,

410 3050 501 3131 Vidi,
523 3051 676 3130 Vacerra,
698 3053 833 3112 sarcinas
846 3057 931 3129 tuas,
953 3048 1034 3124 vidi;

411 3137 493 3212 Quas
506 3155 569 3196 non
582 3141 722 3196 retentas
735 3136 886 3216 pensione
902 3153 960 3215 pro
975 3135 1057 3195 bima
1104 3200 1108 3205 ,

410 3220 560 3281 Portabat
572 3240 649 3281 uxor
662 3221 731 3281 ruia
746 3221 882 3281 crinibus
896 3224 1017 3299 septem

340 3324 342 3331 ·
388 3305 451 3366 aut
465 3324 533 3365 cum
552 3323 661 3365 sorore
675 3324 750 3365 caua
763 3310 862 3364 mater
877 3302 1006 3381 ingebti.

409 3388 519 3449 Furias
532 3390 636 3469 putavi
649 3395 742 3450 nocte
754 3389 834 3448 Ditis
850 3405 994 3447 emersas.

409 3473 475 3533 Has
490 3480 522 3533 tu
536 3474 659 3553 priores
672 3474 791 3551 frigore
807 3477 840 3533 et
853 3471 934 3532 fame
949 3471 1049 3531 siccus

409 3557 527 3616 utnon
541 3559 662 3617 recenti
676 3556 811 3636 pallidus
826 3556 920 3634 magis
934 3557 1015 3615 buxo
1064 3632 1069 3641 Ι

409 3640 476 3701 lrus
490 3648 612 3701 tuorum
628 3646 802 3721 temporum
816 3639 1007 3719 sequebaris.
1083 3666 1089 3681 ·

369 3725 546 3802 10Migrare
561 3725 672 3786 clivom
688 3725 834 3785 crederes
848 3724 1016 3786 Aricinum.

409 3808 476 3871 lbat
489 3810 589 3892 tripes
604 3812 747 3891 grabatus
761 3815 794 3871 et
807 3810 896 3891 bipes
911 3825 1034 3888 mensa,
