3267 4409
529 418 875 510 uriomnnnron
888 445 962 510 nm.
980 445 1018 511 x„
1039 396 1043 401 ⁴

345 600 492 680 Quisquis
506 600 570 660 eris
584 601 685 660 nostri
698 605 770 680 post
783 617 833 659 me
850 606 997 677 regnator
1011 596 1122 680 agelli,

385 685 532 746 Manibus
547 685 664 762 exiguis
679 699 777 744 annua·
790 685 871 743 iusta
885 682 965 744 dato.
1062 727 1067 744 .

323 769 402 832 esic
416 766 486 829 lare
495 762 671 850 perpetuo,
694 769 738 828 sic
752 769 843 827 turba
858 768 975 847 sospite
989 765 1072 828 solus

385 851 517 916 Flebilis
532 854 564 913 in
580 858 665 913 terra
679 853 720 912 sit
733 850 813 931 lapis
830 851 891 910 iste
905 858 966 912 tua.

741 964 832 1025 LXII.

346 1061 425 1125 Ludi
440 1065 601 1143 magister,
623 1081 716 1142 parce
733 1061 865 1145 simplici
879 1065 999 1128 turbae.

347 1148 398 1209 Sic
415 1154 447 1208 te
460 1149 644 1228 frequentes
661 1147 785 1208 audiant
799 1147 936 1229 capillati
996 1178 1000 1183 ·

345 1233 386 1294 Et
401 1231 552 1292 delicatae
568 1230 677 1310 diligat
691 1232 803 1292 chorus
819 1250 961 1312 mensae,
1005 1272 1008 1278 -

345 1317 410 1376 Nec
426 1315 610 1392 calculator,
632 1334 691 1375 nec
706 1317 844 1376 notarius
858 1313 949 1377 velox

323 1401 469 1463 5Maiore
485 1401 643 1480 quisquam
659 1399 773 1459 circulo
789 1406 964 1463 coronetur.

345 1481 444 1545 Albae
457 1484 552 1545 leone
567 1485 707 1543 flammeo
726 1483 829 1543 calent
842 1482 930 1544 luces

346 1569 536 1647 Tostamque
550 1569 674 1628 fervens
689 1566 783 1627 Iulius
800 1569 906 1647 coquit
920 1585 1061 1631 messem.

346 1654 469 1714 Cirrata
481 1652 560 1712 loris
574 1652 711 1712 horridis
727 1651 860 1730 Scythae
874 1651 986 1734 pellis,

296 1761 299 1764 ·
347 1739 414 1814 Qua
426 1736 579 1819 vapulavit
593 1737 733 1815 Marsyas
749 1736 956 1814 Celaenaeus,

303 1819 541 1900 loFarulaeque
556 1821 680 1896 tristes,
695 1829 827 1911 sceptra
843 1822 1105 1900 paedagogorum,

347 1907 480 1967 Cessent
495 1911 528 1965 et
541 1903 611 1963 Idus
627 1904 780 1964 dormiant
793 1907 826 1964 in
842 1906 1010 1965 Octobres:

346 1991 474 2051 Aestate
487 1990 579 2071 pueri
593 1989 620 2048 si
633 1986 752 2065 valent,
774 1991 848 2049 satis
864 1989 995 2050 discunt.

730 2098 833 2160 Llllll.

346 2199 500 2259 Marmora
513 2218 607 2278 parva
622 2196 763 2277 quidem,
782 2197 915 2258 sednon
931 2215 1070 2275 cessura,
1090 2196 1206 2273 viator,

388 2280 524 2343 Mausoli
540 2283 619 2342 saxis
636 2281 889 2361 pyramidumque
903 2281 992 2360 legis.
1103 2305 1106 2309 ·

346 2367 400 2426 Bis
415 2385 484 2426 mea
497 2367 633 2426 Romano
649 2372 787 2446 spectata
803 2373 852 2427 est
867 2367 929 2427 vita
944 2365 1099 2444 Tarento,
1189 2391 1195 2404 =

387 2452 429 2510 Et
443 2449 523 2510 nihil
539 2457 694 2510 extremos
709 2450 848 2530 perdidit
863 2457 934 2511 ante
949 2468 1050 2528 rogos.

328 2536 495 2612 5Quinque
511 2533 599 2595 dedit
612 2552 744 2614 pueros,
765 2534 896 2596 totidem
912 2536 987 2595 mihi
1000 2535 1074 2595 luno
1091 2531 1225 2616 puellas:

389 2617 556 2680 Cluserunt
571 2637 677 2677 omnes
691 2617 807 2680 lumina
820 2626 927 2680 nostra
944 2639 1061 2681 manus.
1163 2670 1165 2674 Α

348 2703 487 2781 Contigit
501 2709 534 2762 et
549 2701 675 2762 thalami
690 2704 764 2763 mihi
779 2703 879 2783 gloria
892 2725 962 2765 rara
974 2705 1096 2784 fuitque

386 2787 455 2848 Una
471 2786 639 2868 pudicitiae
654 2788 789 2848 mentula
804 2796 878 2849 nota
891 2806 988 2850 meae.
1067 2784 1073 2803 ³

727 2899 835 2964 LXIV.

347 2997 525 3075 Contigeris
539 2998 647 3075 regina
662 3016 747 3057 meos
762 2999 788 3056 ri
805 2995 896 3057 Polla
908 2993 1051 3076 libellos,

389 3081 458 3140 Non
473 3082 585 3141 tetrica
597 3088 721 3141 nostros
736 3082 844 3160 excipe
860 3083 965 3141 fronte
979 3081 1074 3142 iocos.

345 3161 403 3225 llle
420 3171 489 3224 tuus
504 3170 606 3243 vates,
628 3160 789 3225 lleliconis
806 3163 904 3243 gloria
916 3165 1033 3243 nostri,

387 3250 492 3309 Pieria
508 3256 635 3309 caneret
650 3269 717 3309 cum
731 3249 799 3309 fera
813 3247 895 3309 bella
909 3249 999 3326 tuba,

325 3333 416 3394 bNon
432 3339 534 3392 tamen
549 3335 672 3394 erubuit
685 3332 799 3393 lascivo
816 3331 922 3394 dicere
935 3350 1026 3401 versu

389 3417 445 3497 „si
458 3435 517 3477 nec
530 3417 693 3499 paedicor,
716 3419 824 3498 Cotta,
846 3417 919 3498 quid
933 3417 987 3482 hic
998 3415 1078 3477 facio
1086 3413 1124 3476 ‘d‘

728 3528 823 3592 LXV.

247 3647 250 3656 ·
347 3630 471 3691 (inmte
485 3628 926 3707 municipem-Corinthiorum
981 3606 986 3614 ¹

347 3713 464 3793 lactes,
483 3713 708 3794 charmenion,
728 3718 862 3793 negante
876 3708 981 3793 nullo,
1094 3740 1105 3773 ·.

1043 3770 1114 3862 io*
1131 3813 1146 3889 2

1239 447 1303 513 243
