3267 4409
325 465 390 528 rra
470 422 484 432 ’
648 462 1043 527 uvaumanumurs
1168 552 1173 560 Ι

410 619 558 680 Frontem
574 614 715 676 sutilibus
729 617 826 676 ruber
839 617 977 677 coronis:

412 704 464 762 Sic
480 703 533 761 uui
547 702 605 762 tibi
620 701 660 761 sit
675 719 754 780 puer
770 699 916 760 cinaedus

409 788 452 848 Et
466 787 635 846 castissima
649 786 769 865 pruriat
782 783 912 864 puella:-

387 903 389 909 v
410 871 555 932 Infamem
569 870 663 929 nimio
681 867 783 930 calore
798 870 925 948 Cypron

369 968 403 1019 10
411 956 581 1031 0berres,
602 972 712 1013 moneo
725 971 917 1033 precorque,
939 947 1071 1032 llacce,

409 1040 531 1100 Messes
545 1057 617 1098 area
632 1057 700 1097 cum
714 1043 799 1097 teret
813 1042 977 1117 crepantes
996 1052 998 1058 ’

409 1124 451 1183 nt
463 1124 587 1183 fervens
601 1123 671 1181 iuba
686 1122 802 1182 saeviet
814 1118 925 1181 leonis.

410 1208 452 1268 At
465 1213 518 1284 tu,
541 1205 609 1266 dlva
624 1206 738 1286 Paphi,
760 1206 904 1279 remitte,
924 1204 1041 1264 uostris

409 1290 550 1352 illaesum
565 1309 694 1370 puerum
708 1292 834 1351 remitte
848 1289 937 1369 votis.

367 1376 461 1439 rusie
475 1375 586 1436 Martis
600 1375 658 1435 tibi
674 1376 809 1435 serviant
821 1370 979 1434 Kalendae

409 1460 452 1519 nt
466 1478 534 1519 curu
548 1465 619 1519 ture
633 1477 781 1538 meroque
795 1459 979 1536 victimaque

409 1537 540 1603 Libetur
554 1543 612 1603 tibi
627 1541 771 1602 candidas
787 1543 826 1603 ad
842 1561 909 1601 aras

410 1627 501 1703 Secta
515 1626 647 1706 plurima
660 1625 776 1707 quadra
793 1625 832 1686 d'e
846 1624 999 1706 placenta.

803 1760 882 1821 xci

410 1858 461 1919 Ad
473 1877 580 1919 cenam
596 1859 622 1918 si
636 1876 685 1918 me
703 1856 825 1919 diversa
838 1865 963 1918 vocaret
976 1858 1009 1917 iu
1025 1862 1107 1918 astra

452 1943 533 2003 Hinc
548 1944 695 2003 invitator
711 1942 869 2019 Caesaris,
891 1940 964 2002 iude
979 1943 1073 2020 Iovis,

294 2043 299 2051 “
410 2029 504 2089 Astra
516 2026 592 2088 licet
605 2029 749 2108 propius,
770 2027 888 2087 Palatia
900 2025 1021 2104 longius
1037 2031 1158 2105 essent,
1248 2042 1261 2059 ⁶

452 2113 612 2193 Responsa
626 2111 665 2171 ad
679 2131 808 2192 superos
824 2112 901 2171 haec
914 2108 1082 2170 referenda
1096 2108 1218 2171 darem:

384 2198 579 2275 5„Quaerite
595 2198 648 2275 qui
664 2197 750 2257 malit
764 2197 833 2255 lieri
849 2196 973 2255 conviva
987 2194 1153 2255 Tonantis:

452 2282 507 2343 Me
523 2300 607 2341 meus
621 2282 653 2340 iu
668 2283 762 2341 terris
776 2280 929 2361 Iuppiter,
951 2297 1040 2358 ecce,
1061 2279 1195 2341 tenet.“·

797 2394 889 2455 XCll.

411 2487 497 2563 Quae
511 2484 591 2545 mala
604 2490 676 2545 suut
690 2485 822 2565 domiui,
845 2505 922 2566 quae
938 2487 1020 2547 servl
1034 2486 1193 2549 commoda
1206 2488 1322 2565 nescis,

454 2568 611 2650 Condyle,
633 2571 685 2649 qul
700 2589 820 2630 servum
835 2576 868 2630 te
882 2571 978 2649 gemis
996 2589 1065 2632 esse
1078 2571 1141 2637 diu.

411 2655 471 2714 Dat
485 2655 543 2714 tibi
558 2672 684 2713 securos
697 2654 766 2714 vilis
784 2655 950 2733 tegeticula
964 2675 1104 2736 somnos,

453 2735 590 2817 Pervigil
603 2737 637 2797 in
650 2736 754 2818 pluma
770 2739 879 2816 Goion,
898 2757 988 2818 ecce,
1009 2741 1100 2805 iacet.

390 2824 507 2886 §Gaius
522 2843 539 2882 a
554 2822 653 2903 prima
665 2822 888 2883 tremebundus
903 2823 974 2883 luce
988 2822 1101 2885 salutat

454 2908 518 2967 Tot
531 2905 686 2985 dominos,
705 2914 736 2968 at
752 2914 800 2985 tu,
824 2905 983 2988 Condylo,
1004 2927 1062 2968 uec
1076 2907 1239 2971 domiuum.

409 2991 522 3072 „Quod
538 2991 650 3069 debes,
672 2993 744 3069 Gai,
765 2991 886 3064 redde“
901 2993 1002 3071 inquit
1015 2992 1159 3053 Phoebus
1174 3000 1208 3055 ct
1224 2991 1312 3054 illinc
1330 3029 1336 3035 ·

453 3078 634 3158 Cinnamus:
655 3076 714 3136 hoc
730 3076 824 3157 dicit,
846 3075 1005 3156 condyle,
1027 3095 1117 3137 nemo
1133 3077 1222 3141 tibi..

412 3161 579 3222 Tortorem
593 3163 729 3222 metuis?
749 3161 885 3242 podagra
900 3162 1109 3240 cheragraque
1125 3157 1249 3223 secatur

369 3255 403 3309 10
452 3247 545 3307 Gaius
560 3251 593 3306 et
605 3245 712 3306 mallet
725 3249 857 3307 verbera
871 3243 957 3305 mille
972 3246 1045 3324 pati.

410 3329 497 3406 Quod
512 3349 571 3390 nec
584 3348 674 3390 mane
688 3332 800 3409 vomis,
821 3348 879 3389 uec
895 3328 1041 3406 cunnum,
1064 3328 1220 3410 Condylo,
1241 3329 1339 3411 lingis,

450 3415 519 3474 Nou
533 3415 642 3494 mavis,
666 3434 754 3495 qnam
768 3421 819 3475 ter
835 3414 927 3474 Gaius
943 3431 1012 3472 esse
1027 3415 1119 3474 tunel

792 3548 898 3610 XGlll.

408 3643 536 3706 Addere
551 3645 625 3724 quid
643 3664 762 3724 cessas,
783 3665 878 3727 puer,
900 3645 1073 3708 immortale
1090 3646 1281 3710 Falernum?

451 3728 659 3808 Quadrantem
675 3729 798 3813 duplica
812 3731 852 3793 de
867 3733 991 3793 seniore
1006 3731 1090 3794 cado.
