3267 4409
723 440 931 492 3333333313.
1234 446 1311 496 xvn

325 584 416 642 borum
432 583 528 640 fraudes
544 583 622 655 lepida
639 585 824 657 amplificatione
849 587 1000 660 persequitur
1017 586 1058 653 (3.
1070 591 1240 660 83-130).
1274 593 1310 648 nd

325 670 404 742 ipsius
414 675 495 724 tamen
506 669 670 740 philosophiae
680 678 807 740 praerepta
817 672 916 741 propius
934 672 987 726 libri
1003 673 1081 744 33336
1097 673 1168 728 satira
1185 674 1257 730 tertio
1266 676 1309 731 de-

326 754 391 810 cimo
401 754 472 820 redit,
484 768 545 823 quae
555 770 629 824 quurn
646 754 769 810 aFonteio
780 756 880 810 consule
889 757 1021 828 sexaginta
1034 771 1109 811 annos
1124 765 1242 827 numeret,
1253 775 1275 814 a.
1284 775 1307 830 p.

327 838 386 894 Chr.
399 842 450 896 119
462 853 475 891 a
486 837 598 892 Iuvenale
614 839 665 893 lere
684 841 870 911 septuagenario
887 841 977 911 scripta
987 845 1039 903 eutr
1056 855 1130 895 senex
1140 841 1216 912 igitur
1224 858 1308 898 senem

325 923 433 978 3333333
445 921 585 986 Calvinum,
601 923 644 993 qui
659 923 743 979 decern
758 925 868 979 sestertia
878 925 965 980 uiolata
979 923 1027 978 ilde
1037 924 1122 979 amissa
1133 926 1238 996 graviter
1248 926 1309 981 lere-

324 1007 370 1062 bat
376 1005 413 1072 (3.
424 1007 536 1075 1-18)‚
549 1007 991 1078 113331333331333303313333313133,
1003 1013 1031 1062 ut
1041 1009 1145 1078 primum
1155 1023 1309 1065 communem

325 1089 404 1149 seculi
414 1090 554 1159 pravitatem
565 1092 694 1163 recogitari
705 1092 800 1159 iubeat,
817 1093 843 1147 in
860 1109 906 1164 qua
922 1092 981 1148 tides
998 1093 1132 1164 potiuspro
1144 1094 1256 1164 prodigio
1266 1094 1308 1149 ha-

326 1173 409 1230 benda
425 1174 457 1228 sit
468 1173 503 1240 (3.
518 1177 550 1233 19
560 1203 595 1214 -
604 1178 667 1245 70),
684 1182 737 1231 tum
749 1177 881 1246 peculiares
891 1177 988 1247 periurii
999 1191 1083 1232 causas
1093 1176 1199 1232 Platonis
1212 1177 1308 1249 Legum

325 1259 416 1315 librum
424 1259 544 1313 decimum
555 1266 652 1314 secutus
663 1275 694 1314 er
703 1260 782 1331 impiis
791 1261 860 1332 urlgi
871 1261 1024 1331 opinionibus
1034 1261 1139 1332 salsaque
1147 1260 1246 1316 deorum
1258 1263 1308 1316 eni·

325 1342 465 1398 sdmaticne
475 1349 567 1413 repetat
585 1344 620 1410 (3.
632 1348 799 1414 71-119);
822 1345 907 1401 deinde
924 1360 981 1400 vero
992 1358 1023 1399 ne
1036 1344 1200 1415 philosophiae
1210 1347 1308 1417 quidem

325 1426 420 1482 solatiis
431 1440 505 1498 egere
515 1427 590 1489 dieat,
611 1428 652 1499 qni
663 1429 769 1499 qnotidie
779 1430 870 1484 maiora
880 1430 970 1484 scelera
981 1435 1006 1483 et
1015 1429 1134 1483 committi
1145 1435 1170 1484 et
1183 1430 1261 1500 puniri
1272 1431 1308 1485 vi·

325 1511 384 1566 deat
394 1509 430 1576 (3.
443 1514 626 1580 110-177),
639 1527 685 1566 333
694 1513 714 1566 si
721 1513 829 1568 rnanime
841 1513 970 1569 humanam
980 1513 1109 1569 vindictam
1120 1515 1236 1568 scelestus
1246 1513 1308 1569 eilu-

325 1595 388 1667 giat,
401 1595 561 1649 conscientiae
572 1596 692 1651 cruciatus
701 1598 784 1652 evitari
793 1613 866 1667 posse
876 1605 973 1653 moneat
984 1597 1125 1663 (3.178-
1133 1600 1213 1668 neth
1224 1613 1308 1669 quam·

326 1693 401 1750 quant
416 1694 447 1733 33
464 1679 499 1732 313
516 1680 612 1749 quidem
625 1695 693 1750 spem
704 1681 791 1751 deponi
802 1682 855 1737 vult
868 1682 931 1748 1333,
942 1689 969 1737 31
985 1681 1049 1736 idem
1058 1681 1123 1736 velut
1136 1683 1308 1737 cousuetudine

324 1762 444 1834 peccandi
460 1763 590 1832 implicitus
608 1764 733 1835 aliquando
749 1767 822 1821 ctiam
831 1767 899 1821 31333
909 1767 935 1821 13
944 1767 1021 1821 iustae
1033 1780 1125 1835 poenae
1134 1765 1234 1836 laqueos
1247 1767 1308 1821 inci·

325 1847 368 1903 dat
391 1846 628 1918 (3.136-119).
655 1848 841 1921 Elegantissime
862 1865 934 1921 porro
956 1850 1087 1920 eademque
1108 1850 1250 1927 gravissima
1270 1855 1308 1904 est

324 1937 416 2005 333313
425 1931 530 1992 denna.
541 1948 602 2002 quae
612 1948 625 1987 3
637 1934 706 1988 malis
717 1941 843 2004 parentum
854 1935 969 2005 exemplis
979 1933 1094 2002 profecta,
1106 1931 1193 2004 quibus
1203 1933 1307 1988 minores

325 2031 403 2086 quum
419 2015 449 2070 ad
465 2015 509 2070 alia
527 2017 583 2070 uitia
600 2016 663 2083 (3.1
677 2022 787 2086 -106)
806 2025 859 2071 tum
875 2018 905 2073 33
919 2017 1040 2072 3333111333
1051 2017 1218 2082 instituantur,
1235 2015 1307 2071 133133

326 2099 404 2168 ipsius
415 2099 438 2154 id
449 2101 604 2169 praecipuum
615 2115 668 2155 esse
678 2102 798 2172 queritur,
810 2102 875 2171 quod
886 2104 960 2172 quum
971 2106 1107 2154 ceterorum
1116 2099 1218 2154 imitatio
1230 2099 1307 2154 1333-

325 2183 420 2238 luntate
436 2181 539 2238 bominis
550 2185 627 2253 posita
636 2185 680 2249 sit,
697 2184 757 2239 13333
767 2185 854 2239 blanda
867 2185 961 2239 virtrutis
972 2183 1052 2254 specie
1062 2183 1100 2238 uel
1111 2183 1197 2237 invitos
1208 2182 1308 2253 abripiat

327 2267 366 2334 (3.
379 2270 428 2325 107
439 2294 475 2305 -
486 2270 562 2337 111),
580 2268 685 2340 dumque
698 2269 857 2340 parsimoniae
872 2284 901 2323 33
912 2267 1056 2340 frugalitatis
1073 2267 1170 2321 nomine
1186 2267 1306 2321 atrocissi-

326 2367 382 2406 mas
399 2351 495 2406 iniurias
513 2352 667 2407 commendet
683 2353 917 2422 (3.113-100),
936 2352 1031 2409 adultos
1041 2357 1167 2421 praecepta
1178 2364 1192 2403 3
1202 2350 1307 2420 parenti-

325 2437 374 2491 bus
385 2437 482 2505 accepta
493 2436 631 2492 contrahes
641 2436 706 2506 ipsos
716 2444 809 2492 vertere
821 2437 907 2492 doceat
917 2436 953 2503 (3.
968 2437 1143 2505 110-136);
1155 2434 1239 2489 eadem
1249 2449 1306 2490 vero

325 2525 404 2591 negat
413 2520 541 2591 quidquam
551 2520 655 2591 ineptius
669 2521 770 2577 inveniri
778 2536 865 2591 posse,
883 2519 1308 2594 3333333133313333313333133333

325 2619 423 2660 summa
435 2604 568 2660 discrimina
585 2605 649 2660 adire
666 2606 816 2673 (3.166-
823 2608 889 2675 301)
900 2607 998 2677 ipsaque
1007 2604 1120 2675 aoqrrisita
1132 2604 1204 2658 etiam
1216 2603 1308 2657 maiore

326 2703 386 2744 cum
396 2688 556 2743 sollicitudine
567 2689 687 2744 33333333
697 2695 771 2762 cogat
783 2690 819 2757 (3.
831 2692 1008 2758 dod-alth
1025 2702 1103 2759 eoque
1112 2693 1184 2757 pacto
1195 2686 1225 2742 ad
1236 2701 1307 2742 33333

325 2772 475 2843 frugalitatis
487 2772 569 2828 laudes
580 2775 719 2842 revertitur,
738 2788 799 2845 quae
811 2779 841 2828 ut
852 2773 877 2828 in
887 2773 1001 2844 sapientia
1012 2787 1106 2826 summa
1116 2772 1160 2835 sit,
1172 2771 1205 2824 ita
1214 2785 1247 2824 ne
1256 2771 1306 2825 lor·

325 2864 403 2912 timae
413 2857 509 2928 quidem
519 2858 594 2922 donis,
607 2859 664 2912 dum
676 2858 763 2913 modus
772 2863 888 2925 servetur,
900 2857 990 2927 perfrui
999 2861 1065 2911 vetet
1075 2855 1111 2921 (3.
1122 2859 1174 2912 315
1186 2881 1219 2892 -
1229 2853 1304 2922 331).
1363 2854 1367 2862 ’

325 2941 380 2998 Neo
390 2941 497 3014 quintam
512 2942 626 2997 33333333
637 2942 746 3008 satiram,
764 2940 873 3012 quamvis
889 2957 904 2996 a
919 2941 1004 2997 latiore
1018 2939 1131 2994 vinorum
1146 2936 1307 2991 brintanorum

326 3039 416 3094 campo
432 3026 462 3097 33
482 3026 629 3096 peculiarem
647 3024 762 3080 barbarae
779 3025 934 3080 immanitatis
953 3022 1137 3079 insectationem
1159 3019 1305 3085 translatam,

325 3109 446 3166 quenalis
459 3116 501 3164 aut
511 3111 608 3182 ingenio
620 3117 662 3166 ant
677 3115 728 3164 arte
737 3108 861 3181 indignam
872 3123 925 3164 esse
935 3114 961 3163 et
974 3107 1060 3179 ipsein
1070 3103 1186 3161 Zeitsobr.
1199 3103 1218 3158 l.
1231 3103 1254 3160 3
1266 3102 1307 3157 31-

325 3193 401 3248 terth.
414 3198 495 3258 1813,
508 3210 532 3265 3.
543 3198 558 3253 7
561 3199 579 3252 4
598 3211 651 3266 sqq.
662 3193 771 3265 pluribus
787 3192 883 3249 3313331
899 3199 925 3247 31
939 3193 967 3248 l„
978 3191 1005 3248 L.
1022 3189 1146 3245 Ddhenius
1162 3187 1307 3242 13831133.

325 3277 408 3334 Kn'tilr
422 3292 447 3332 3.
462 3276 683 3343 831133333331,
702 3277 771 3333 Kiew
782 3281 860 3336 1846.
872 3281 904 3340 8,
915 3292 939 3348 p.
950 3278 1001 3334 117
1013 3289 1065 3346 sqq.
1082 3276 1193 3327 accurata
1202 3271 1308 3339 disputa·

325 3363 396 3418 tione
406 3361 569 3425 confirmavit3
580 3378 652 3436 quam
662 3363 703 3433 qui
713 3363 738 3417 in
748 3361 922 3417 dubitationem
932 3355 1019 3416 333333
1029 3363 1129 3427 conatus
1140 3360 1178 3410 est
1190 3354 1220 3411 C.
1234 3354 1307 3409 liem-

326 3446 393 3519 ptius
409 3445 502 3501 observ.
517 3448 543 3501 in
555 3447 636 3503 13333.
647 3447 738 3518 aliquot
746 3447 828 3513 locos,
840 3445 918 3502 83331.
934 3449 1010 3503 1813.
1021 3447 1079 3512 83.
1086 3445 1121 3499 60
1131 3454 1192 3512 sqq,
1203 3437 1252 3493 hoc
1262 3438 1308 3492 im·

326 3530 413 3603 primis
424 3530 610 3586 animadvertere
621 3531 741 3604 neglexit,
754 3530 866 3586 Hadriani
876 3536 967 3595 aetate,
983 3541 1045 3600 qnae
1055 3524 1169 3579 ascititias
1179 3522 1308 3594 religiones

327 3615 408 3672 multo
417 3614 494 3685 pluris
502 3630 574 3686 quam
583 3616 671 3686 patrias
682 3615 797 3683 iaciebat,
815 3615 887 3668 etiam
898 3612 1039 3685 peregrinae
1049 3607 1223 3680 superstitionis
1232 3605 1309 3661 foedi·

328 3706 414 3764 tatem,
425 3699 502 3770 qualis
511 3699 552 3754 hie
561 3701 651 3755 recenti
661 3699 764 3755 duorum
770 3698 874 3770 Aegypti
886 3697 1028 3769 oppidorum
1035 3693 1146 3762 exemplo
1157 3689 1306 3753 describitur,

329 3782 641 3926 Roqqqteessstiraelacenr
651 3784 756 3840 3333333
765 3784 883 3856 potuisse.
907 3780 990 3840 Unum
997 3784 1025 3837 et
1037 3775 1329 3918 mhqhmhettnmm
