3267 4409
257 265 1294 347 Ξ

323 544 384 607 roo
642 496 1044 645 monumentis

407 695 485 756 Tam
499 713 560 755 non
575 692 680 753 invida
692 700 816 773 tamque
829 692 989 779 liberalis,

350 820 360 828 -
408 780 486 840 Tam
500 779 580 839 comi
592 784 680 857 patet
693 776 917 857 hospitalitate.

407 862 525 924 Credas
540 861 663 922 Alcinoi
676 862 744 941 pios
758 862 908 940 Penates,
960 894 965 909 ·

364 948 555 1012 sonutfacti
570 944 661 1005 modo
677 944 780 1005 divitis
794 944 963 1005 Molorchi.

406 1033 470 1090 Vos
483 1050 565 1090 nunc
581 1031 682 1089 omnia
694 1049 787 1108 parva
803 1031 856 1107 qui
869 1028 1002 1108 putatis,

408 1116 549 1175 Centeno
562 1111 698 1191 gelidum
710 1111 817 1189 ilgone
833 1113 933 1172 'I'ibur

407 1197 469 1260 Vel
483 1199 652 1258 Praeneste
667 1195 789 1256 domate
802 1194 1030 1276 pendulamque

408 1283 470 1342 Uni
485 1281 591 1341 dedite
607 1280 723 1345 Setiam
737 1278 861 1340 colono:

366 1367 485 1429 aueum
499 1383 548 1425 me
561 1363 665 1423 iudice
678 1363 897 1443 praeferantur
913 1366 982 1426 istis
1096 1384 1101 1389 ·

407 1449 465 1510 Iuli
477 1451 584 1528 iugera
593 1467 693 1528 pauca
706 1446 871 1509 Martialis.

796 1581 889 1644 LXV.

408 1692 504 1754 Oculo
518 1690 677 1753 Philaenis
690 1712 814 1773 semper
829 1692 928 1754 altero
942 1690 1056 1773 plorat.
1079 1720 1083 1725 ·

408 1779 475 1855 Quo
489 1778 543 1837 flat
555 1778 640 1837 istud
656 1779 804 1857 quaeritis
817 1774 933 1837 modo?
953 1775 1039 1838 lusca
1054 1782 1111 1839 est.

787 1907 896 1974 LXVI.

406 2025 507 2105 Egisti
521 2025 613 2085 vitam
630 2042 770 2104 semper,
791 2025 888 2103 Line,
909 2021 1144 2105 municipalem,

452 2111 518 2187 Qua
532 2107 612 2168 nihil
628 2111 750 2168 omnino
765 2108 856 2169 viIius
871 2127 939 2168 esse
955 2114 1069 2189 potest.

407 2192 511 2254 Idibus
527 2200 559 2254 ct
572 2193 651 2252 raris
665 2192 771 2270 togula
787 2200 836 2253 est
849 2211 975 2253 excussa
989 2191 1138 2252 Kalendis

450 2278 544 2337 Duxit
558 2283 591 2336 et
605 2283 738 2337 aestates
753 2278 908 2357 synthesis
922 2296 983 2336 una
998 2275 1116 2338 decem.

283 2416 285 2421 ,
387 2360 512 2422 5Salti1s
527 2380 649 2440 aprum,
673 2380 795 2440 campus
810 2362 950 2440 leporem
965 2360 1024 2419 tihi
1038 2361 1123 2422 misit
1135 2361 1294 2442 inemptus

451 2443 533 2504 Silva
548 2461 655 2521 graves
672 2444 781 2503 turdos
796 2444 948 2522 exagitata
962 2442 1058 2506 dedit
1180 2492 1183 2497 .

409 2528 524 2606 Captus
538 2527 683 2586 flumiceo
697 2529 783 2587 venit
797 2526 836 2587 de
850 2529 971 2606 gurgite
983 2528 1095 2608 piscis,

450 2610 531 2673 Vina
545 2612 639 2669 ruber
654 2608 737 2669 fudit
750 2630 811 2670 non
825 2612 993 2690 peregriua
1007 2611 1111 2676 cadus.
1131 2656 1135 2661 -
1153 2630 1157 2635 ·
1171 2650 1174 2655 -

406 2695 473 2754 Nec
486 2699 578 2753 tener
593 2692 738 2770 Argolica
751 2697 861 2754 missus
877 2696 916 2756 de
932 2702 1025 2774 gente
1040 2697 1200 2773 minister,

366 2787 401 2839 10
449 2775 513 2836 Sed
526 2778 614 2836 stetit
627 2776 738 2836 Inculti
751 2781 867 2838 rustica
881 2781 972 2840 turha
985 2780 1063 2859 foci,
1121 2830 1127 2843 .

408 2861 509 2924 Vilica
522 2860 572 2920 vel
588 2860 657 2919 duri
673 2881 848 2942 compressa
863 2871 911 2923 est
925 2870 1020 2944 nupta
1035 2861 1155 2943 coloni,

449 2943 580 3005 incaluit
595 2946 738 3024 quotiens
753 2949 855 3006 sancia
869 2967 946 3008 vena
961 2966 1057 3007 mero.

407 3027 473 3089 Nec
490 3031 596 3089 nocuit
609 3031 701 3089 tectio
715 3031 813 3108 ignis,
834 3049 894 3091 nec
910 3032 1008 3092 Sirius
1026 3033 1124 3110 agris,

450 3114 518 3189 Nec
531 3133 632 3173 mersa
647 3121 695 3173 est
712 3114 842 3195 pelago,
861 3134 922 3175 nec
940 3117 1010 3175 fluit
1026 3115 1089 3175 ulla
1104 3117 1190 3177 ratis.

368 3197 574 3278 ltsupposIta
588 3204 637 3258 cst
651 3197 764 3259 blando
781 3220 935 3279 nunquam
948 3200 1008 3259 tibi
1021 3204 1144 3282 tesserp
1158 3198 1244 3279 talo,

449 3281 526 3342 Alea
544 3282 600 3342 scd
614 3302 724 3362 parcae
739 3283 805 3343 oola
820 3285 908 3344 foere
922 3296 1026 3344 nuces.

406 3364 480 3442 hie,
501 3368 555 3427 ubi
571 3367 612 3427 sit
626 3366 769 3444 deciens,
790 3373 889 3426 mater
904 3366 987 3445 quod
1001 3387 1090 3427 avara
1102 3363 1260 3447 reliquit?

448 3449 602 3527 Nusquam
618 3456 681 3510 est:
701 3451 805 3510 fecisti
819 3469 902 3534 rem,
922 3451 1018 3530 Line,
1041 3451 1215 3515 difficilem.

781 3583 901 3645 LXVII.
1026 3626 1027 3631 η

406 3692 587 3753 Praetorem
602 3714 719 3775 pauper
734 3701 857 3783 centum
872 3697 1018 3758 sestertia
1033 3697 1168 3758 Gaurus.

449 3776 565 3837 Orabat
578 3798 652 3839 cana
666 3785 757 3839 notus
772 3780 921 3861 amicitia,
