3267 4409
327 539 388 608 298
648 541 691 603 M.
707 541 798 605 VAL.
815 486 1042 604 MAR'l'ldLlS

414 694 565 771 Quantum
580 692 692 754 Lesbia
707 713 774 754 non
784 693 872 754 dedit
886 693 1019 757 Catullo.

412 779 459 839 Te
473 778 584 838 vicinia
597 783 677 855 tota,
693 785 726 838 te
739 777 857 858 pilosus
973 818 976 823 Δ

390 864 546 924 5Hircoso
564 863 678 942 premit
693 861 798 922 osculo
814 861 949 921 colonus.

293 966 295 971 ’
410 947 492 1007 Hinc
506 939 601 1006 instat
615 947 671 1005 tibi
686 951 806 1024 textor,
823 944 897 1005 inde
911 943 1005 1022 fullo,

410 1031 491 1090 Hinc
506 1034 592 1088 sutor
607 1028 697 1089 modo
711 1028 795 1108 pelle
809 1030 940 1106 basiate,

409 1114 491 1174 Hinc
505 1114 601 1173 menti
615 1112 754 1173 dominus
767 1111 956 1193 pediculosi,

409 1198 491 1258 Hinc
506 1208 524 1269 †
540 1195 730 1276 desiooulus‚
752 1196 825 1257 inde
839 1196 956 1276 lippus,
1033 1213 1038 1223 ·
1084 1228 1086 1232 Α

369 1280 607 1360 10Fellatorque
621 1299 793 1360 recensque
808 1279 1009 1360 cunnilingus.

410 1365 472 1425 Iam
487 1367 567 1446 tanti
581 1367 637 1425 tibi
651 1385 714 1425 non
727 1366 787 1445 fuit
800 1363 916 1425 redire.

813 1496 879 1562 LX.

410 1611 521 1673 Martis
536 1606 656 1670 alumne
671 1609 753 1688 dies,
772 1630 894 1671 roseam
909 1629 968 1689 quo
981 1605 1121 1690 lampada
1133 1608 1266 1691 primum

388 1742 390 1746 Α
452 1696 624 1773 Magnaque
639 1693 755 1755 siderei
769 1694 899 1755 vidimus
914 1713 967 1752 ora
981 1691 1048 1770 dei,

411 1778 444 1838 Si
459 1784 491 1838 te
506 1795 579 1838 rure
595 1774 656 1838 coli
673 1777 850 1856 viridesque
864 1776 994 1857 pudebit
1007 1775 1046 1836 ad
1060 1796 1144 1855 aras,

454 1863 513 1939 Qui
527 1862 631 1920 fueras
647 1860 736 1922 Latia
751 1859 852 1922 cultus
865 1862 898 1920 in
912 1861 989 1920 urbe
1004 1861 1097 1919 mihi:

388 1947 458 2009 olla
470 1946 605 2023 veniam,
627 1947 744 2005 servire
758 1947 835 2006 meis
851 1942 932 2024 quod
946 1941 1019 2004 nolo
1034 1942 1201 2024 Kalendis,

451 2031 494 2092 Et
509 2048 567 2110 qua
585 2048 651 2089 sum
664 2031 803 2109 genitus,
824 2030 928 2090 vivere
941 2025 1013 2089 luce
1027 2025 1107 2091 volo.

783 2162 853 2242 Lx,
874 2164 904 2227 o.
955 2190 965 2207 --
1083 2146 1087 2153 ’

409 2273 511 2337 Natali
524 2272 645 2356 pallere
660 2292 731 2352 suo,
748 2294 788 2335 ne
803 2273 890 2334 calda
905 2271 1031 2334 Sabello
1143 2269 1146 2273 ’

416 2419 419 2425 ,
450 2359 539 2419 Desit
553 2367 586 2420 et
599 2365 633 2419 ut
645 2359 796 2439 liquidum
809 2363 898 2438 potet
912 2356 1029 2417 Alauda
1043 2375 1176 2437 merum,

413 2441 552 2502 Turbida
565 2442 699 2504 sollicito
714 2444 925 2503 transmittere
941 2441 1081 2502 Caecuba
1095 2461 1202 2523 saeco,
1260 2464 1265 2473 ·

450 2527 553 2604 Atque
567 2528 650 2586 inter
663 2539 784 2587 mensas
798 2527 863 2604 ire,
884 2523 990 2585 redire
1005 2544 1074 2586 suas
1082 2548 1091 2601 3

387 2607 562 2688 ollxcipere
578 2610 635 2670 hos
648 2609 737 2687 illos,
760 2615 793 2670 et
806 2615 872 2669 tota
887 2627 1014 2688 surgere
1031 2627 1108 2669 cena

381 2766 383 2771 Ι
450 2692 606 2752 Marmora
620 2691 787 2754 calcantem
802 2692 964 2772 frigidiora
978 2690 1066 2772 gelu:
1103 2722 1106 2728 ·

409 2773 494 2852 Quae
509 2777 588 2836 ratio
603 2783 666 2854 est,
686 2777 762 2836 haec
777 2785 887 2857 sponte
902 2796 955 2836 sua
968 2776 1112 2856 perferre
1125 2776 1273 2859 patique,

451 2857 536 2949 Quaq
549 2865 583 2920 te
597 2861 625 2921 si
638 2861 743 2923 iubeat
756 2880 813 2922 rex
828 2860 1045 2940 dominusque,
1065 2860 1185 2941 neges?
1267 2903 1273 2913 -

800 2994 879 3057 LXl.

372 3130 374 3135 ’
408 3102 525 3167 Versus
538 3109 571 3163 et
583 3105 678 3165 breve
691 3104 886 3185 vividumque
901 3124 1024 3167 carmen

283 3229 285 3233 -
406 3187 441 3247 ln
454 3193 488 3248 te
501 3206 542 3247 ne
555 3188 680 3267 faciam,
701 3191 808 3268 times,
829 3189 976 3268 Ligurra‚
999 3242 1003 3251 .

237 3323 239 3338 ,
406 3271 448 3330 Et
462 3270 570 3350 dignus
586 3272 671 3352 cupis
686 3273 746 3333 hoc
760 3278 843 3333 metu
858 3272 967 3333 videri.

236 3343 250 3398 l·
407 3353 470 3414 Sed
481 3356 597 3415 frustra
610 3357 721 3416 metuis
737 3358 883 3437 cupisque
898 3358 1023 3418 frustra.

385 3437 442 3497 ⁵111
455 3444 559 3499 tauros
572 3439 681 3518 Libyci
693 3447 786 3499 ruunt
798 3439 922 3518 leones,

405 3521 475 3581 Non
489 3528 560 3582 sunt
573 3522 778 3603 papilionibus
791 3522 924 3585 molesti.

408 3603 562 3684 Quaeras,
584 3625 712 3683 censeo,
735 3608 762 3667 si
775 3606 840 3685 legi
854 3606 994 3685 laboras,
1067 3656 1070 3663 .

405 3687 494 3767 Nigri
507 3689 634 3748 fornicis
649 3691 768 3749 ebrium
782 3697 920 3770 poetam,

409 3769 468 3848 Qui
483 3774 616 3833 carbone
630 3773 700 3832 rudi
717 3776 863 3854 putrique
878 3780 963 3834 creta
