3267 4409
363 461 403 523 20
692 473 728 520 o.
744 471 815 521 run.
833 469 1018 521 mumunnrs

364 612 472 689 Quales
495 594 562 672 tunc
583 610 684 691 epulas
704 612 798 690 ipsum
819 612 953 689 gluttisse
975 618 1107 689 putamus

364 698 616 774 Imperatorem,
640 713 727 773 quum
751 705 795 756 tot
815 698 967 770 sestertia,
990 702 1117 773 partem·

364 781 505 858 Exiguam
528 789 558 838 et
577 779 708 840 modicae
733 788 873 859 sumptam
894 779 931 838 de
954 780 1082 853 margine
1104 780 1247 856 coenae,
1314 786 1353 843 ao

364 865 528 943 Purpureus
550 864 645 941 magni
667 865 787 924 ructarit
810 881 910 923 scurra
932 860 1032 937 Palati,

364 948 422 1008 larn
444 949 581 1027 princeps
604 948 747 1024 equitum,
771 964 874 1023 magna
897 946 945 1025 qui
967 962 1042 1004 voce
1065 944 1181 1005 solebat

364 1032 500 1091 Vendere
523 1032 681 1108 municipes
703 1031 795 1090 fracta
818 1031 854 1090 de
875 1046 975 1089 merce
997 1026 1125 1088 siluros?
1169 1064 1172 1069 -

364 1116 480 1194 Incipe,
504 1113 653 1192 Calliope,
676 1115 745 1174 licet
769 1123 797 1173 et
822 1114 992 1174 considere:
1014 1128 1071 1171 nou
1096 1121 1142 1173 est

366 1199 558 1273 Cantandum,
580 1216 628 1258 res
651 1216 720 1257 vera
744 1194 1007 1274 agitur;'narrate,
1030 1195 1146 1274 puellae
1167 1226 1170 1231 >
1211 1190 1218 1207 '
1320 1205 1353 1259 35

365 1284 511 1351 Pierides;
535 1283 627 1359 prosit
651 1281 717 1340 milri
738 1299 792 1340 vos
814 1282 922 1340 dixisse
947 1278 1077 1359 puellas!

409 1366 502 1438 Quum
523 1368 578 1424 iam
602 1366 795 1425 semianimum
817 1364 962 1425 laceraret
984 1361 1101 1423 Flauius
1122 1361 1224 1424 orbem

365 1450 503 1524 Ultimus,
528 1458 557 1507 et
580 1449 664 1509 calvo
689 1450 814 1508 serviret
836 1448 926 1508 Roma
949 1446 1068 1522 Neroni,

366 1533 467 1593 Incidit
491 1532 608 1592 Adriaci
632 1534 754 1611 spatium
776 1531 943 1593 admirabile
965 1530 1077 1592 rhombi

367 1617 442 1675 Ante
466 1617 577 1676 domum
601 1615 725 1676 Veneris
768 1634 853 1695 quarn
873 1615 981 1675 Dorica
1004 1616 1125 1675 sustinet
1147 1612 1263 1693 Ancon,
1320 1626 1354 1679 to

367 1700 558 1778 implevitque
584 1702 676 1768 sinus;
704 1661 760 1759 mgb
782 1702 856 1759 eninr
877 1701 969 1759 minor
989 1698 1124 1759 haeserat
1146 1698 1218 1775 illis,

369 1784 449 1859 Quos
473 1785 568 1863 operit
588 1784 700 1860 glacies
723 1782 868 1843 Maeotica
890 1792 1032 1861 ruptaque
1051 1781 1168 1843 tandem

368 1868 486 1929 Solibus
510 1867 629 1927 elluudit
652 1868 788 1927 torrentis
810 1867 846 1927 ad
870 1870 944 1927 ostia
966 1865 1059 1941 Ponti,

367 1954 487 2014 Desidia
510 1950 608 2011 tardos
630 1960 659 2011 et
685 1951 774 2030 longo
798 1951 909 2027 frigore
930 1951 1063 2029 pingues.
1253 2011 1258 2021 ,

367 2037 500 2096 Destinat
521 2036 577 2096 hoc
600 2045 758 2096 monstrum
779 2034 898 2110 cymbae
920 2034 1028 2113 linique
1049 2032 1186 2111 magister
1323 2046 1356 2101 45

367 2122 498 2181 Pontifici
523 2137 642 2180 summo.
688 2119 759 2194 Quis
784 2121 857 2178 enim
879 2135 1045 2197 proponere
1067 2117 1156 2178 talem

368 2206 426 2263 Aut
449 2222 545 2264 emere
568 2205 704 2279 auderet,
729 2223 815 2282 quum
837 2202 922 2281 plena
943 2210 972 2261 et
993 2201 1078 2261 litora
1100 2202 1191 2263 multo

367 2286 509 2348 Delatore
532 2288 649 2348 forent?
677 2287 801 2366 dispersi
823 2287 953 2365 protinus
975 2285 1062 2362 algae

367 2371 691 2450 luquisitoresagerent
716 2390 779 2432 curn
804 2371 915 2447 remige
937 2370 1025 2444 nudo,

368 2454 434 2514 Non
456 2454 608 2514 dubitaturi
633 2456 782 2530 fugitivum
804 2454 903 2513 dicere
928 2455 1040 2533 piscem

369 2538 587 2615 Depastunrque
610 2537 656 2595 diu
677 2540 786 2596 vivaria
808 2534 943 2598 Caesaris
966 2538 1032 2599 iude

369 2620 508 2697 Elapsum
530 2628 660 2679 veterem
683 2621 719 2681 ad
741 2621 883 2680 dominum
904 2621 1154 2682 debere'reverti.

304 2724 308 2735 ·
370 2705 401 2764 Si
425 2704 492 2780 quid
512 2703 657 2779 Palfurio,
681 2706 705 2763 si
727 2704 869 2764 credimus
892 2705 1056 2775 Armillato,
1223 2770 1227 2775 ,

370 2786 514 2864 Quidquid
535 2791 721 2867 conspicuum
743 2788 952 2873 pulchrumque
970 2798 1015 2849 est
1036 2804 1167 2867 aequiore
1189 2797 1269 2869 toto,

369 2871 430 2933 Res
454 2872 516 2931 lisci
539 2880 599 2946 est,
623 2872 795 2950 ubicumque
819 2882 912 2933 natat:
935 2872 1087 2933 donabitur
1110 2888 1197 2951 ergo,
1326 2881 1357 2937 bt

369 2954 414 3014 Ne
437 2963 549 3035 pereat.
595 2955 653 3017 lam
677 2957 793 3017 letilero
817 2956 939 3016 cedente
964 2957 1073 3036 pruinis
1140 3034 1144 3040 .

370 3040 529 3116 Autumno,
553 3041 607 3100 iam
632 3052 798 3118 quartanam
821 3041 1004 3120 sperantibus
1027 3041 1137 3123 aegris,
1259 3038 1262 3045 '

370 3124 518 3184 Stridebat
543 3124 681 3185 deformis
704 3121 795 3193 biems
819 3124 1013 3203 praedamque
1037 3132 1189 3185 recentem

370 3208 527 3268 Servabat:
551 3218 646 3269 tamen
669 3209 717 3277 hic
738 3218 895 3289 properat,
917 3210 998 3269 velut
1018 3216 1122 3287 urgeat
1148 3216 1262 3269 auster.

368 3291 465 3370 thue
493 3293 573 3352 lacus
596 3293 746 3369 suberant,
770 3292 819 3351 ubi
842 3310 1011 3372 quamquam
1032 3292 1126 3352 diruta
1149 3301 1252 3354 servat
1323 3300 1358 3357 tt

369 3375 469 3452 lgncm
492 3375 644 3436 'l'roiauum
668 3387 697 3436 et
718 3377 838 3436 Vestam
861 3376 931 3436 colit
955 3377 1032 3437 Alba
1054 3378 1209 3455 minorem,

335 3510 343 3521 ,
371 3457 488 3519 Obstitit
510 3460 623 3521 intranti
644 3462 773 3520 miratrix
795 3460 878 3520 turba
901 3456 1086 3540 parumper3'

262 3548 265 3552 '
370 3540 409 3600 Ut
434 3545 538 3618 cessit,
563 3544 643 3604 sacili
665 3552 818 3624 patuerunt
841 3544 958 3619 cardine
980 3544 1101 3613 talvae;

371 3623 492 3685 Exclusi
514 3637 647 3704 spectant
669 3628 793 3688 admissa
816 3628 938 3688 obsonia
962 3638 1070 3707 patres.
1178 3636 1185 3649 '

370 3707 430 3769 Itur
452 3709 487 3769 ad
509 3709 652 3785 Atriden3
676 3720 733 3772 tum
756 3711 876 3773 Picens:
902 3712 1032 3793 Accipe,
1055 3711 1139 3792 dixit,
1325 3718 1355 3779 bi
