3267 4409
366 487 407 548 94
687 499 722 547 1).
744 498 816 546 mn.
839 496 1025 546 1uvnrmn1s

367 637 495 700 Alterius
518 635 658 696 conchem
680 638 782 699 aestivi
805 656 868 698 cum
889 647 973 717 parte
999 635 1101 696 lacerti

367 723 514 799 signatam
534 721 581 780 vel
604 721 719 780 dimidio
740 724 875 800 putrique
897 722 998 796 siluro,

366 805 488 883 Filaque
514 806 617 864 sectivi
639 815 784 866 numerata
806 806 955 867 includere
978 803 1073 883 porri:

366 889 503 952 invitatus
530 889 659 949 adhaec
681 889 784 967 aliquis
806 889 843 949 de
864 898 952 967 ponte
974 887 1102 964 negabit.

367 974 426 1035 Sed
448 991 505 1051 quo
528 972 641 1033 divitias
663 972 738 1033 haec
757 991 812 1053 per
833 983 975 1034 tormenta
998 979 1128 1055 coactas,
1231 1025 1235 1032 ,
1298 983 1349 1037 135

367 1057 460 1131 Quum
482 1058 563 1116 iuror
584 1057 659 1116 haud
680 1057 798 1133 dubius,
823 1075 907 1135 quum
929 1058 966 1116 sit
986 1057 1137 1116 manifesta
1162 1056 1327 1135 phrenesis,

365 1141 403 1202 Ut
421 1141 554 1219 locuples
582 1143 729 1217 moriaris,
753 1143 867 1218 egentis
890 1143 990 1200 vivere
1012 1136 1095 1199 fato?
1249 1153 1254 1161 ’

365 1225 480 1286 interea
502 1225 590 1303 pleno
614 1242 699 1303 quum
722 1233 819 1302 turget
838 1224 972 1284 sacculus
996 1240 1058 1300 ore,
1098 1248 1127 1291 A·

367 1307 482 1370 Crescit
508 1327 588 1369 amor
610 1309 731 1386 nummi,
758 1316 893 1387 quantum
914 1310 977 1386 ipsa
997 1307 1121 1386 pecunia
1144 1309 1248 1384 creuit,
1296 1360 1301 1365 .

365 1393 404 1454 Et
424 1395 515 1452 minus
531 1395 612 1453 ‚hanc
640 1401 721 1471 optat
744 1394 792 1470 qui
814 1409 872 1451 non
894 1391 991 1451 habet.
1019 1385 1105 1468 ¹Engo
1128 1402 1246 1470 paratur
1299 1401 1350 1456 140

365 1477 468 1537 Altera
490 1477 558 1536 villa
580 1476 646 1552 tibi,
671 1494 755 1554 quum
777 1494 826 1535 rus
848 1493 906 1535 non
928 1477 1034 1535 sufficit
1056 1493 1152 1554 unum,
1193 1521 1196 1527 .

364 1559 403 1620 Et
424 1560 559 1639 proferre
581 1559 652 1619 libet
674 1560 761 1635 fines,
784 1561 933 1638 maiorque
955 1560 1070 1619 videtur
1251 1553 1255 1561 ’

365 1643 403 1704 Ε1
424 1644 528 1703 melior
548 1644 643 1726 picina
666 1642 770 1720 seges:
793 1645 932 1703 mercaris
955 1653 984 1703 et
1006 1643 1080 1703 hanc
1103 1652 1133 1704 et

364 1728 491 1788 Arbusta
515 1736 545 1786 et
566 1729 656 1789 densa
682 1735 808 1787 montem
834 1730 882 1805 qui
905 1737 990 1787 canet
1012 1727 1100 1788 oliva.
1178 1728 1183 1735 '

366 1811 494 1885 Quorum
519 1813 543 1870 si
565 1811 660 1889 pretio
682 1811 813 1872 dominus
833 1828 890 1870 non
912 1812 1035 1871 vincitur
1057 1811 1128 1888 ullo,
1301 1823 1350 1878 145

364 1895 459 1955 Nocte
482 1895 575 1954 boves
601 1896 690 1954 macri
710 1892 849 1973 lassoque
870 1896 1004 1956 famelica
1026 1894 1105 1956 collo

364 1980 492 2040 lumenta
514 1980 549 2039 ad
568 1979 677 2038 virides
697 1978 947 2039 huios'mitteutur
969 1981 1111 2053 5515155;’

364 2063 428 2126 llcc
449 2065 529 2142 prius
549 2064 615 2123 inde
640 2063 768 2140 domum,
793 2082 877 2141 qoam
898 2071 958 2124 tota
977 2064 1092 2123 novalia
1114 2082 1221 2125 saevos

282 2156 286 2173 '
365 2148 397 2208 ln
417 2147 677 2226 ventresabeanr,
700 2157 731 2208 ut
753 2149 856 2208 credas
878 2148 1002 2208 falcibus
1026 2156 1130 2208 actum.

364 2231 471 2293 Dicere
493 2234 674 2311 dispessis,
705 2251 789 2311 quam
813 2231 894 2292 multi
916 2232 983 2293 talia
1008 2228 1136 2312 plorent,
1298 2244 1351 2298 150

364 2316 402 2377 Ε1
424 2325 494 2394 quot
515 2317 636 2376 venales
658 2318 758 2395 iniuria
780 2318 885 2376 fecerit
908 2334 1005 2394 agros.

248 2433 262 2461 a
365 2401 424 2462 Sed
447 2401 496 2479 qui
517 2418 683 2477 sermones,
708 2419 791 2480 quarn
813 2401 919 2461 foedae
938 2400 1060 2462 buccina
1081 2400 1190 2461 famae!
1205 2434 1249 2449 -—

366 2484 441 2558 Quid
463 2494 551 2544 nocet
571 2481 666 2545 haec?
686 2487 791 2564 inquit3
813 2487 937 2545 tunicam
960 2485 1028 2547 milri
1049 2485 1126 2552 malo
1149 2485 1258 2563 lupini,-

365 2566 503 2640 Quamsi
528 2586 574 2627 me
598 2577 659 2628 toto
687 2569 785 2629 laudet
808 2570 913 2630 vicinia
939 2587 1017 2648 pago

363 2649 470 2728 Exigui
492 2654 566 2711 ruris
590 2652 763 2730 paucissima
787 2653 865 2713 farra
889 2664 1047 2715 secantem.
1061 2662 1105 2725 -J-
1295 2663 1347 2714 155

364 2734 486 2797 Scilicet
512 2744 542 2796 et
563 2736 671 2797 morbis
692 2746 722 2796 et
744 2737 894 2799 debilitate
917 2739 1043 2817 carebis,

363 2819 401 2880 Et
423 2820 530 2881 luctum
553 2830 582 2882 et
604 2838 701 2883 curam
724 2822 866 2900 effugies,
889 2831 918 2884 et
940 2832 1074 2903 tempora
1094 2822 1173 2884 vitae

363 2903 463 2982 Longa
484 2905 535 2965 tibi
558 2906 681 2985 posthac
700 2906 760 2967 fato
786 2906 909 2968 meliore
932 2908 1085 2986 dabuntur,
1198 2925 1201 2929 ’

364 2989 397 3050 si
420 2998 528 3050 tantum
549 2990 720 3051 cultisolus
742 2992 913 3070 possederis
934 2994 1008 3070 agri,

365 3072 508 3146 Quantum
529 3075 583 3135 sub
603 3074 685 3135 'latio
706 3077 832 3155 populus
855 3077 1000 3138 Romanus
1023 3075 1132 3138 arabat.
1299 3084 1351 3140 160

363 3156 432 3219 blox
454 3161 539 3220 etiam
561 3159 661 3231 fractis
683 3169 779 3221 aetate
802 3179 838 3222 ac
861 3161 967 3222 Punica
988 3160 1084 3240 passis

363 3241 479 3304 Proelia
501 3243 550 3304 vel
573 3243 712 3319 Pyrrhum
733 3245 883 3305 immanem
907 3245 1080 3323 gladiosque
1103 3240 1253 3326 Molossos

364 3325 491 3389 Tandem
513 3344 567 3406 pro
589 3328 685 3388 multis
711 3330 761 3389 vix
782 3331 882 3407 iugera
904 3329 969 3388 bina
994 3325 1135 3387 dabantur
1165 3357 1168 3362 -
1222 3401 1225 3405 Ι

362 3410 553 3472 Vulneribus:
576 3430 690 3472 merces
713 3412 788 3473 lraec
810 3412 957 3490 sanguinis
980 3418 1066 3487 atque
1084 3405 1194 3466 laboris

362 3494 457 3555 Nullis
480 3498 543 3556 visa
564 3513 698 3574 umquam
720 3498 829 3556 meritis
852 3497 960 3568 minor,
982 3500 1031 3552 aut
1050 3493 1181 3569 ingratae
1298 3502 1348 3556 165

364 3575 452 3639 Curta
474 3580 547 3639 fides
565 3582 686 3658 patriae.
723 3579 877 3640 Saturabat
898 3577 1017 3655 glebula
1040 3577 1106 3637 talis

362 3661 476 3723 Patrem
500 3664 591 3742 ipsum
613 3661 790 3742 turbamque
807 3680 909 3738 casae,
932 3679 995 3742 qua¹
1008 3662 1068 3723 feta
1089 3660 1205 3722 iacebat

362 3745 444 3807 Uxor
467 3756 496 3807 et
517 3747 639 3809 infantes
663 3748 799 3809 ludebant
822 3755 973 3828 quattuor,
996 3765 1068 3808 unus
