3267 4409
440 464 445 475 '
561 452 904 538 nnonamuauon
917 474 991 537 un.
1007 476 1029 538 1.
1274 477 1315 541 31

723 626 875 691 LXXXV.

350 736 519 805 Venderet
534 738 673 802 excultos
689 737 784 800 colles
800 758 868 800 cum
881 758 994 820 praeco
1010 741 1129 804 facetus

395 825 503 903 Atque
517 825 685 886 suburbani
698 826 805 902 iugera
818 821 948 904 pulchra
963 821 1039 902 soli,

352 905 493 989 „Errat“
508 909 553 972 ait
566 910 615 989 „ri
631 910 699 988 quis
713 908 815 968 Mario
830 915 918 987 putat
934 902 1003 985 esse
1018 917 1148 974 necesse

394 990 563 1056 Vendere:
583 991 628 1052 nil
642 991 753 1070 debet,
774 992 898 1051 fenerat
911 992 1003 1051 Immo
1019 994 1145 1072 mugis.“

330 1076 493 1159 5„„Quae
507 1077 587 1137 ratio
602 1082 651 1137 est
664 1076 758 1155 igitur
765 1075 803 1134 ‘3⁴‘
810 1075 831 1111 “
851 1075 986 1153 „Servos
1002 1077 1045 1136 ibi
1058 1075 1197 1157 perdidit
1208 1097 1313 1139 omnes

395 1161 440 1222 Et
452 1178 550 1240 pecus
564 1166 597 1220 et
611 1160 747 1236 fructus,
769 1178 831 1219 nou
847 1165 926 1219 amat
940 1158 1014 1219 iude
1028 1161 1161 1222 locum.“

353 1245 433 1322 Quis
445 1244 568 1304 Iaceret
580 1245 715 1323 pretium
729 1244 789 1302 nisi
805 1244 856 1320 qui
873 1262 926 1302 sua
939 1242 1076 1322 perdere
1090 1243 1188 1307 vellet

397 1327 533 1390 Omnia?
560 1327 613 1388 Sic
627 1328 729 1388 Mario
744 1328 853 1386 noxius
868 1327 979 1386 haeret
994 1347 1076 1407 ager.

710 1422 875 1522 uxxirvi.

351 1560 484 1623 Vicinus
497 1578 584 1619 meus
599 1564 648 1619 est
661 1577 812 1638 manuque
827 1559 912 1636 tangi

352 1645 401 1705 Ite
415 1644 532 1704 nostris
546 1643 661 1703 Novius
672 1650 779 1725 potest
793 1643 951 1705 fenestris.

354 1728 431 1804 Quis
444 1746 508 1787 non
520 1725 658 1788 inrideat
671 1728 747 1786 mihi
761 1732 913 1807 putetque

354 1812 450 1872 Horis
465 1812 607 1871 omnibus
621 1830 691 1871 esse
705 1828 754 1870 me
769 1812 909 1889 beatum,

333 1896 463 1956 aluncto
478 1895 528 1955 cui
542 1893 638 1956 liceat
651 1896 713 1969 frui
728 1893 860 1955 sodales

355 1979 433 2040 'I'am
447 1977 542 2058 longe
557 1985 606 2039 est
620 1980 696 2038 mihi
711 1998 800 2057 quam
816 1978 1056 2056 Terentianus,

353 2064 413 2141 Qui
427 2082 509 2122 nunc
523 2060 671 2123 Niliacam
684 2064 766 2140 regit
781 2062 915 2140 Syenen.

353 2148 423 2208 Non
436 2147 619 2225 convivere,
639 2165 699 2207 nec
713 2145 821 2206 videre
835 2147 952 2224 saltim,

354 2232 423 2293 Non
437 2230 547 2291 audire
559 2229 653 2309 licet,
674 2249 733 2291 nec
747 2232 825 2290 urbe
840 2235 906 2290 tota

316 2317 521 2395 loquisquam
536 2320 586 2375 est
599 2320 661 2376 tum
674 2333 773 2395 prope
788 2321 850 2374 tam
864 2312 1034 2394 proculque
1049 2315 1146 2376 nobis.

353 2397 553 2479 Migrandum
568 2406 617 2459 cst
631 2400 706 2459 mihi
719 2400 841 2477 longius
854 2396 905 2458 vel
920 2397 978 2460 illi.

351 2484 479 2548 Vicinus
493 2483 592 2543 Novio
606 2483 656 2545 vel
672 2484 840 2561 inquiIinus

354 2568 418 2648 Sit,
438 2569 466 2628 si
481 2567 550 2648 quis
563 2565 693 2630 NovIum
705 2567 813 2628 videre
827 2586 892 2626 uon
905 2565 978 2629 volt.

701 2700 881 2765 LXXXVII.

354 2801 401 2863 Ne
415 2803 517 2882 gravis
531 2802 681 2860 hesterno
696 2799 833 2877 fragres,
853 2797 1042 2877 Fescennia,
1056 2801 1144 2876 vino,

393 2884 542 2946 Pastillos
557 2884 661 2946 Cosmi
674 2881 830 2943 luxuriosa
843 2901 941 2945 voras.

354 2971 414 3031 Ista
428 2969 533 3031 linunt
547 2967 659 3029 dentes
674 2964 842 3043 iantacula,
865 2964 921 3026 sed
934 2964 1014 3026 nihil
1029 2969 1168 3044 obstant,

395 3055 545 3116 Extremo
561 3059 668 3113 ructus
683 3071 751 3111 cum
764 3049 850 3110 redit
866 3071 883 3109 a
897 3052 1054 3110 barathro.

340 3137 439 3215 5Quid
458 3135 542 3218 quod
556 3135 622 3197 olet
636 3137 756 3214 gravius
771 3137 897 3195 mixtum
912 3134 1098 3214 diapasmate
1112 3135 1195 3193 virus

397 3223 499 3303 Atque
514 3219 631 3303 dupleu
646 3222 763 3280 animae
781 3218 903 3297 longius
921 3219 985 3278 erit
999 3218 1099 3279 odor‘.²

361 3305 450 3367 Notas
464 3324 539 3386 ergo
555 3306 647 3366 nimis
660 3302 787 3365 fraudes
802 3300 1018 3383 deprensaque
1031 3303 1115 3363 furta

398 3390 458 3452 Iam
469 3389 562 3452 tollas
577 3398 611 3451 et
625 3390 667 3450 sis
681 3389 769 3450 ebria
783 3385 974 3467 simpliciter.

698 3523 882 3588 LXXXVIII

368 3633 489 3719 Achme,
512 3656 606 3721 quem
619 3644 742 3720 raptum
757 3636 880 3698 domino
897 3635 1109 3696 crescentibus
1123 3635 1210 3694 anuis

401 3720 543 3786 lavicans
556 3722 621 3787 leri
639 3724 758 3805 cespite
772 3721 856 3783 velat
871 3723 997 3799 humus,
