3267 4409
648 471 693 532 ar.
707 469 798 534 vsa.
813 421 1041 531 sraaumms

407 625 477 686 Una
488 621 639 684 lavamur:
661 624 773 704 aspicit
785 619 866 682 nihil
880 643 1002 700 susum,

409 709 472 769 Sed
487 716 607 788 spectat
622 707 720 768 oculis
736 706 955 767 devorantibus
970 707 1102 768 draucos

409 794 474 853 Nec
489 793 596 853 otiosis
611 791 764 851 mentulas
777 791 865 852 sidet
876 789 983 852 labris.

409 877 540 954 Quaeris
556 877 623 956 quis
641 877 693 936 hic
708 875 774 935 sill
803 875 928 936 Excidit
943 876 1019 935 mibi
1033 893 1157 938 nomen.

750 976 753 985 ’
782 1008 903 1071 aevu.

410 1124 487 1184 Cum
502 1120 633 1181 clamant
649 1139 771 1197 omnes,
791 1118 933 1198 loqueris
948 1127 1039 1200 tunc,
1060 1120 1217 1203 Naevole,
1237 1131 1335 1186 tantur

449 1209 491 1268 Et
505 1212 537 1264 te
551 1212 714 1285 patronum
730 1203 978 1284 causidicumque
996 1212 1096 1285 putas.

409 1292 475 1351 Hac
491 1290 611 1349 ratione
626 1295 732 1369 potest
747 1307 837 1348 nemo
854 1307 915 1347 uon
931 1307 1001 1349 esse
1016 1288 1162 1353 disertus.

450 1376 550 1451 Eece,
570 1378 675 1433 tacent
690 1391 813 1433 omnes:
832 1371 987 1451 Naecole,
1010 1372 1061 1434 dic
1075 1373 1203 1456 aliquid.

714 1498 719 1508 ’
774 1504 912 1569 XCVIII.

410 1623 526 1700 Litigat
541 1627 573 1681 et
586 1620 722 1701 podagra
738 1619 908 1697 Diodorus,
929 1617 1060 1699 Flacce,
1078 1619 1212 1693 laborat

453 1705 516 1765 Sed
534 1704 580 1764 nil
595 1712 725 1785 patrono
741 1705 888 1784 porrigit:
910 1705 988 1764 haec
1002 1707 1152 1786 cheragra
1166 1716 1224 1772 est.

794 1853 902 1914 xcix.
933 1865 938 1872 “

408 1968 477 2029 Nou
490 1967 614 2049 plenum
632 1966 723 2027 modo
737 1968 854 2027 viciens
867 1969 1021 2047 habebas,
1105 1964 1116 1981 ⁸

411 2051 474 2112 Sed
489 2059 550 2113 tam
565 2052 713 2132 prodigus
728 2059 820 2132 atque
834 2050 977 2113 liberalis

409 2137 450 2197 Et
463 2145 524 2197 tam
538 2136 639 2198 lautus
654 2155 742 2215 eras,
765 2136 899 2214 Calene,
922 2143 957 2198 ut
971 2157 1078 2199 omnes

410 2221 563 2299 Optarent
577 2224 634 2282 tibi
649 2223 788 2282 centiens
803 2222 900 2280 amici.

389 2305 509 2365 5Audit
522 2312 593 2366 vota
608 2305 683 2365 deus
697 2323 871 2385 precesque
885 2311 1008 2365 nostras

410 2389 513 2467 Atque
528 2391 627 2466 iutra,
649 2396 740 2468 puto,
761 2390 908 2468 septimas
921 2387 1079 2450 Kalendas

410 2473 532 2532 Mortes
546 2473 606 2532 hoe
620 2473 677 2532 tibi
693 2478 838 2551 quattuor
855 2472 1020 2536 dederunt.

411 2557 453 2615 nt
468 2560 502 2615 tu
516 2557 560 2617 sie
575 2556 660 2633 quasi
674 2576 737 2615 non
750 2556 835 2617 foret
848 2557 1010 2637 relietum,

409 2638 472 2699 Sed
490 2645 610 2719 raptum
623 2640 682 2699 tibi
697 2642 856 2720 centiens,
875 2642 968 2702 abisti

368 2725 442 2787 loln
457 2731 572 2783 tautam
585 2725 678 2783 miser
694 2726 912 2805 esuritionem,

410 2808 453 2868 Ut
469 2808 605 2867 convivia
621 2811 863 2887 sumptuosiora,

410 2891 492 2952 Toto
508 2910 586 2970 quae
601 2891 699 2952 semel
714 2912 842 2972 apparas
857 2895 891 2952 in
905 2912 1002 2971 anuo,

409 2974 523 3054 NIgrae
538 2974 680 3036 sordibus
696 2977 832 3056 explices
847 2985 1006 3055 monetae,

408 3062 449 3121 lat
464 3067 584 3140 septem
598 3066 722 3120 veteres
735 3063 782 3121 tui
796 3059 920 3122 sodales

371 3156 401 3206 15
411 3146 594 3205 Constemus
607 3145 666 3205 tibi
677 3143 821 3225 plumbea
837 3144 962 3206 selibra.

410 3227 492 3305 Quid
506 3227 631 3309 dignum
644 3231 764 3291 meritis
778 3248 944 3312 precemur
957 3229 1049 3290 istis‘l
1107 3267 1111 3277 -

411 3312 558 3391 Optamus
571 3313 631 3373 tibi
644 3312 783 3387 miliens,
805 3312 931 3374 Calene.

410 3395 479 3454 lIoc
494 3398 520 3455 si
534 3398 717 3475 eontIgerit,
737 3397 819 3457 fame
832 3396 961 3477 peribis.

829 3530 864 3592 C.

413 3637 560 3699 Mammas
575 3645 667 3719 atque
682 3647 760 3701 tatas
775 3641 870 3702 habet
883 3642 977 3719 Afra,
999 3642 1055 3702 sed
1066 3644 1134 3723 ipsa
1146 3649 1279 3705 tatarum

454 3722 524 3784 Diei
540 3730 572 3784 et
586 3744 781 3787 mammarum
795 3726 923 3787 maxiano
939 3744 1066 3788 mamma
1080 3733 1194 3810 potest.
