3267 4409
329 467 408 534 ³76·
607 464 733 529 INDEX
745 460 1091 527 EPIGRAMMATON.

331 621 437 674 Summa
453 619 513 670 licat
530 618 619 687 velox,
635 617 777 685 Agathino,
791 615 904 682 pericula
918 614 993 666 ludas
1015 648 1197 667 ......
1263 616 1307 677 IX,

331 691 438 741 Summa
450 688 558 738 Palatini
572 696 672 753 poteras
690 702 798 749 aequare
817 684 915 735 Colossi
953 717 1198 736 ........
1237 685 1307 747 Vlll,

331 757 436 809 Summa
451 765 522 816 tuae,
539 757 678 822 Meleagro,
697 755 746 805 luit
764 769 829 817 qnae
843 753 926 819 gloria
940 752 1023 803 lamae
1050 788 1058 803 .
1085 788 1092 803 .
1120 789 1128 804 .
1155 790 1164 805 .
1189 774 1199 805 z
1257 754 1307 819 Ep.

330 826 395 878 Sn'nt
409 827 489 885 bona,
507 833 566 875 suut
582 825 708 887 quaedam
725 824 879 883 mediocria,
896 830 956 872 suut
969 821 1122 887 malaplura
1149 858 1164 879 ,.
1190 859 1198 873 .
1289 824 1307 883 l,

330 894 395 946 Sunt
410 894 510 944 chartae
527 893 603 953 mihi,
619 907 682 956 quas
698 891 800 943 Catonis
815 907 881 943 uxor
918 924 1198 943 .........
1266 890 1307 1023 ἑὲ

330 964 396 1015 Sunt
412 964 508 1029 gemini
523 962 626 1021 iratres,
642 962 743 1011 diversa
755 961 801 1011 sed
815 961 920 1026 inguina
934 960 1033 1026 lingunt
1054 992 1199 1011 .....

330 1031 395 1083 Sunt
409 1032 526 1094 quidam,
541 1031 585 1093 qui
602 1045 642 1080 me
660 1030 744 1079 dicant
760 1043 811 1079 nou
826 1045 882 1080 esse
897 1037 997 1095 poetam
1021 1062 1199 1079 ......
1223 1028 1296 1089 xiv,

330 1101 395 1153 Sunt
412 1101 472 1162 tibi,
487 1100 618 1159 confiteor,
638 1098 724 1148 diffusi
736 1098 826 1165 ingara
841 1100 925 1163 campi
952 1130 1200 1157 ········
1268 1098 1307 1161 lll,

1278 1168 1307 1229 Vr

331 1238 447 1304 Surgite:
463 1239 514 1286 iam
531 1237 616 1287 vendit
630 1236 718 1301 pueris
736 1235 863 1288 iantacula
876 1236 958 1301 pistor
981 1268 1199 1286 .......
1223 1234 1297 1300 XIV,

330 1305 478 1357 Surrentina
488 1306 573 1356 bibini
588 1321 634 1355 neo
649 1306 759 1354 murrina
773 1305 843 1370 picta
859 1319 905 1354 neo
923 1318 1014 1353 aarum
1051 1337 1200 1355 .....
1223 1303 1295 1367 Xlll,

330 1373 459 1439 Surripuit
475 1383 563 1439 pastor
578 1389 642 1437 quae
657 1375 769 1423 nondum
787 1375 911 1424 stantibus
926 1372 1017 1423 haedis
1053 1405 1200 1424 .....
1242 1374 1307 1435 xlll,

331 1442 380 1494 Sus
395 1444 450 1493 iera
467 1443 517 1492 iarn
536 1444 638 1507 gravior
655 1443 746 1492 maturi
761 1443 869 1508 pignora
882 1442 976 1493 ventris
986 1474 1200 1493 .......
1260 1442 1307 1509 Epa

331 1511 408 1563 Sutor
421 1512 495 1561 cerdo
512 1511 582 1561 dedit
600 1512 660 1571 tibi,
678 1511 744 1561 oulta
757 1511 884 1570 Bononia,
898 1525 991 1561 munus
1017 1543 1201 1562 ......
1271 1512 1307 1563 111

300 1612 306 1621 ω
330 1578 497 1647 Synthesibus
512 1580 572 1630 dum
588 1580 683 1646 gaudet
699 1594 777 1643 eques
793 1581 961 1643 dominasque
976 1586 1094 1629 senator.
1121 1613 1129 1631 .
1157 1614 1165 1631 .
1190 1614 1201 1632 .
1261 1580 1307 1633 xu

825 1731 870 1813 T.

330 1852 393 1903 Tam
411 1851 488 1901 dubia
502 1857 540 1900 est
556 1849 649 1916 lanugo
664 1850 723 1910 tibi,
738 1855 790 1900 tam
808 1849 904 1910 mollia,
921 1849 1032 1900 utillam
1050 1883 1198 1899 .....
1219 1832 1224 1842 ’
1276 1850 1307 1911 1,

331 1923 396 1973 Tam
413 1920 479 1971 male
491 1919 566 1968 Thais
585 1918 656 1979 olet,
670 1933 745 1982 quam
762 1934 811 1969 nou
830 1918 934 1969 lullonis
947 1920 1018 1970 avari
1054 1951 1198 1971 .....
1266 1920 1307 1981 Vl,

330 1991 394 2041 Tam
411 2004 490 2053 saepe
505 1996 618 2038 nostrum
638 1988 721 2052 decipi
737 1987 896 2038 Fabullinum
918 2021 1199 2041 .........
1256 1990 1307 2053 xil,

330 2058 392 2109 Tam
409 2056 544 2108 tremulum
562 2058 667 2117 crissat,
688 2064 740 2106 tam
755 2058 877 2108 blandum
892 2057 987 2123 prurit,
1003 2063 1032 2106 ut
1047 2057 1131 2121 ipsum
1155 2095 1162 2110 .
1188 2091 1199 2109 .
1229 2056 1300 2119 xlv,

330 2128 461 2191 Tanquam
476 2141 555 2192 parva
572 2125 636 2175 loret
649 2141 726 2176 sexus
740 2127 834 2177 iniuria
850 2127 929 2176 nostri
953 2159 1199 2178 ........
1285 2126 1307 2181 li

330 2196 461 2259 Tanquam
476 2194 626 2260 simpliciter
641 2209 753 2256 mecum,
771 2195 925 2256 Callistrato,
942 2196 1016 2245 vivas
1053 2226 1228 2247 ......
1257 2196 1307 2257 ΧΠ,

329 2264 462 2315 Tanta-est
479 2279 543 2327 quae
558 2263 622 2313 Titio
636 2263 753 2314 columna
766 2265 859 2330 pendet
881 2295 1201 2317 ..........
1268 2264 1307 2329 ¹1.

330 2333 411 2384 Tanta
427 2333 475 2383 tibi
489 2340 527 2381 est
544 2333 622 2382 animi
637 2334 749 2396 probitas
765 2334 882 2396 orisque,
897 2330 999 2383 Safroni
1018 2365 1200 2386 ......
1246 2332 1292 2397 xi.

329 2401 410 2451 Tanta
424 2402 471 2451 tibi
484 2408 522 2450 est
540 2402 601 2450 recti
617 2403 770 2466 reverantia,
786 2401 891 2463 mesor,
908 2410 932 2451 et
947 2402 1023 2465 aequi
1052 2435 1201 2454 .....
1216 2412 1223 2425 “
1282 2400 1307 2455 X

329 2468 410 2518 Tanta
425 2476 468 2519 tua
486 2477 524 2519 est
541 2470 668 2534 probitas,
687 2477 781 2532 quauta
795 2477 834 2520 est
851 2468 959 2521 infantia
973 2472 1096 2521 formae.
1121 2504 1129 2519 .
1157 2508 1165 2523 .
1191 2505 1202 2523 .
1248 2470 1307 2533 viii,

332 2536 425 2586 Tantos
439 2545 464 2588 et
481 2545 564 2587 tantas
577 2539 600 2587 si
618 2538 702 2588 dicere
718 2536 887 2589 Sextilianum
917 2572 1202 2591 .........
1261 2540 1307 2606 ‚Vb

329 2605 439 2654 Tantum
457 2607 500 2656 dat
514 2607 561 2655 tibi
573 2607 654 2655 Roma
670 2608 800 2658 basiorum
822 2640 1202 2661 ............
1253 2608 1307 2677 xil,

328 2672 436 2723 Tantum
452 2688 546 2738 magua
562 2689 609 2724 suo
626 2675 700 2725 debet
713 2677 815 2728 Verona
832 2675 930 2727 Catullo
952 2710 1202 2730 ........
1226 2676 1299 2745 xiv,

328 2740 424 2792 Tantus
442 2757 470 2792 es
489 2750 514 2792 et
531 2742 589 2792 talis
607 2745 700 2808 nostri,
718 2744 888 2812 Polypheme,
907 2745 996 2798 Severi
1017 2778 1202 2799 ......
1254 2748 1307 2811 vui,

328 2810 450 2876 Tarpeiae
465 2813 607 2862 venerande
625 2820 708 2863 rector
723 2814 796 2865 aulae
814 2847 1062 2867 ········
1078 2836 1097 2862 ··
1122 2849 1129 2864 ·
1157 2851 1166 2867 .
1193 2852 1202 2867 .
1260 2816 1307 2869 vu

328 2879 449 2944 Tarpeias
466 2880 591 2931 Diodorus
610 2883 643 2931 ad
658 2896 765 2932 coronas
780 2915 1202 2938 .............
1273 2884 1307 2939 ΙΙ

328 2949 454 3009 Tarraco,
473 2949 599 3014 Campano
613 2957 710 2999 tanturn
725 2966 828 3002 cessura
843 2952 927 3020 Lyaeo
952 2986 1202 3005 ........
1226 2954 1295 3017 xm.

257 3073 259 3078 .
327 3016 437 3067 Taurino
454 3026 555 3083 poteras
571 3025 661 3083 pectus
678 3022 850 3086 constringere
867 3030 964 3087 tergo.
988 3055 995 3072 .
1019 3055 1027 3072 .
1054 3054 1062 3070 0
1088 3055 1095 3069 .
1123 3056 1130 3069 ·
1158 3058 1165 3073 .
1193 3054 1208 3075 .-
1241 3022 1307 3077 xlv.

327 3084 362 3135 Te
379 3084 488 3136 fortasse
505 3089 587 3152 magis
603 3089 688 3152 capiat
706 3088 737 3137 de
755 3090 853 3156 virgine
867 3105 945 3155 porca
984 3122 1202 3143 ·······
1246 3092 1307 3145 xiil

327 3152 453 3219 Tempora
466 3156 550 3205 Pieria
568 3154 659 3207 solitus
675 3157 794 3208 redimire
812 3174 905 3209 corona
920 3192 1203 3212 .........
1256 3160 1307 3213 xii

327 3220 454 3286 Tempore
470 3224 580 3273 brumali
597 3239 647 3274 nou
666 3225 772 3276 multum
788 3226 854 3277 levia
871 3234 978 3292 prosunt
987 3261 1203 3281 .......
1225 3230 1298 3291 xiv,

327 3287 494 3355 Temporibus
509 3294 602 3342 nostris
618 3301 688 3344 aetas
705 3309 762 3344 oum
782 3296 856 3346 cedat
870 3311 974 3346 avorum
984 3330 1202 3349 .......
1251 3298 1307 3353 vm

327 3355 376 3406 Ter
390 3366 494 3409 centena
508 3363 611 3423 quidem
626 3370 727 3427 poteras
742 3365 924 3430 epigrammata
939 3365 1005 3415 ferra
1018 3400 1202 3419 ......
1298 3368 1307 3421 l

327 3423 478 3477 Tercentum
493 3429 582 3496 Libyci
595 3432 694 3482 modios
710 3432 741 3482 de
758 3448 841 3483 messe
856 3433 941 3484 coloni
954 3468 1202 3489 ........
1245 3436 1307 3501 xm

327 3494 463 3545 Terrarum
479 3497 525 3547 dea
538 3501 702 3564 gentiumque
717 3500 798 3551 Roma
812 3536 1024 3554 .......
1051 3538 1062 3567 2
1085 3536 1093 3552 0
1120 3539 1129 3554 ·
1156 3540 1165 3559 .
1192 3542 1201 3559 .
1273 3504 1307 3559 xl

327 3562 409 3613 Texta
423 3566 489 3613 rosis
506 3567 613 3618 fortasse
626 3569 672 3618 tihi
689 3567 730 3618 vel
744 3569 822 3618 divite
839 3570 918 3620 nardo
946 3605 1201 3627 ........
1242 3572 1307 3635 Xlll,

326 3629 424 3681 Thaida
436 3632 543 3693 Quintus
557 3645 639 3697 amat,
657 3651 732 3699 quam
750 3636 866 3687 Thaida?
901 3638 998 3690 Thaida
1014 3639 1128 3692 luscam.
1156 3679 1165 3695 .
1191 3680 1201 3697 .
1283 3642 1307 3697 ii

326 3699 427 3753 Thaida
437 3708 490 3752 tam
505 3710 606 3754 tenuem
621 3690 740 3770 phtuiati.
757 3704 861 3769 Flacca,
879 3707 983 3760 viderer
1017 3742 1201 3765 ......
1249 3712 1307 3777 Χιὶ

330 1168 468 1235 Supremas
485 1170 531 1218 tibi
546 1169 649 1217 triciens
664 1168 690 1216 in
709 1182 774 1216 auno
785 1199 1201 1219 .............
