3267 4409
236 3702 246 3783 l

316 479 392 544 na·
636 478 679 540 n.
696 454 1049 562 mummulus

799 679 865 743 XC.

397 798 493 856 lactat
507 793 700 872 inaequalem
717 793 825 853 Matho
839 810 889 851 me
903 790 1017 851 fecisse
1030 787 1187 851 libeBnma

382 907 388 918 ·
441 880 594 939 Sirenum
610 884 675 954 est,
696 876 803 936 laudat
822 877 956 935 carmina
970 880 1078 934 nostra
1092 874 1211 940 Mathe.

398 961 554 1043 Aequales
569 963 677 1022 scribit
689 961 787 1021 libres
802 959 970 1021 Cluuienus
985 964 1018 1018 ct
1030 959 1157 1020 Umber.

440 1045 586 1127 Aequalis
599 1046 681 1106 liber
694 1053 759 1124 cst,
781 1045 925 1120 Cretice,
947 1043 1000 1121 qui
1014 1041 1112 1102 malus
1125 1050 1183 1104 cst.
1292 1080 1296 1088 -

795 1181 874 1244 xci

398 1295 445 1355 De
459 1300 566 1354 uestro
580 1293 712 1353 facunde
728 1295 802 1373 tihi,
816 1293 984 1372 Iuvenalis,
998 1291 1100 1371 agello

441 1376 658 1438 Saturnalicias
672 1379 836 1456 mittimus,
859 1396 949 1454 ecce,
971 1395 1076 1439 nuces.

400 1462 513 1523 Cetera
526 1459 648 1522 lascivis
664 1461 787 1522 donavit
800 1482 891 1542 poma
906 1458 1020 1542 puellis

441 1544 581 1605 Mentula
595 1547 731 1607 custodis
744 1545 901 1607 luxuriosa
917 1545 977 1606 dei.

787 1680 879 1742 xcss.

401 1789 456 1866 „Si
471 1788 544 1867 quid
560 1809 636 1870 opus
650 1789 762 1867 fuerit,
784 1793 844 1851 scis
859 1810 908 1851 me
921 1810 984 1852 nau
998 1809 1068 1850 esse
1082 1787 1273 1869 rogandum“

443 1873 511 1933 Uno
526 1874 574 1933 bis
587 1872 682 1946 dicis,
704 1875 855 1953 Baccara,
874 1880 988 1954 terque
1002 1874 1063 1937 die.

402 1957 548 2037 Appellat
561 1955 663 2036 rigida
677 1960 776 2029 tristis
791 1978 841 2019 me
855 1979 931 2021 voce
945 1957 1120 2022 Secundus:

443 2041 556 2119 Audis,
579 2049 611 2103 et
623 2044 743 2121 nescis,
765 2043 915 2118 Baccara,
936 2042 1010 2120 quid
1023 2044 1064 2103 sit
1077 2060 1164 2122 opus.

379 2124 515 2186 5Peusiu
530 2133 562 2186 te
578 2146 680 2187 curam
694 2129 813 2207 petitur
829 2126 975 2207 clareque
988 2123 1167 2207 palamque:

444 2209 556 2288 Audis,
577 2217 610 2270 et
622 2213 740 2288 nescis,
759 2212 909 2288 Baccara,
932 2210 1007 2290 quid
1021 2212 1062 2271 sit
1076 2228 1163 2289 opus.
1196 2264 1199 2269 .

400 2293 478 2353 Esse
493 2312 608 2372 queror
622 2294 800 2374 gelidasque
814 2296 889 2355 mihi
907 2297 1057 2372 tritasque
1071 2292 1229 2353 lacernas:

443 2377 558 2454 Audis,
579 2381 744 2456 etnescis,
765 2380 915 2457 Baccara,
939 2379 1013 2458 qnid
1027 2380 1068 2438 sit
1083 2396 1169 2458 opus.
1228 2404 1232 2409 ·

401 2461 470 2521 Hoc
485 2480 561 2542 opus
576 2470 640 2541 est,
662 2464 764 2523 subita
778 2464 834 2522 fias
846 2469 881 2522 nt
897 2462 1002 2522 sidere
1016 2469 1136 2538 mutus,

249 2557 263 2570 “
361 2555 395 2607 10
441 2545 554 2607 Dicere
570 2564 611 2606 ne
627 2549 744 2627 possis,
766 2547 917 2625 Baccara,
939 2546 1014 2626 quid
1029 2547 1071 2606 sit
1085 2563 1171 2626 opus.
1194 2576 1198 2585 ·

706 2700 710 2707 '
782 2695 887 2756 XClll.

401 2806 532 2884 Narnia,
555 2804 723 2885 sulphureo
739 2826 828 2885 quam
845 2808 967 2885 gurgite
982 2803 1130 2866 candidus
1144 2804 1242 2865 amuis
1299 2836 1303 2841 ·

445 2891 581 2968 Circuit,
604 2891 730 2971 ancipiti
744 2893 794 2950 vix
808 2889 949 2950 adeunda
963 2892 1051 2969 iugo,
1161 2942 1164 2947 .

403 2973 484 3052 Quid
500 2982 562 3035 tam
572 2991 666 3052 saepe
680 2993 781 3034 mcum
795 2976 885 3035 nobis
900 2974 1055 3034 abducere
1069 2972 1218 3049 Quintum

444 3059 492 3118 Te
507 3060 589 3118 iuvat
603 3063 636 3117 et
648 3055 736 3118 lenta
751 3058 921 3135 detinuisse
935 3057 1044 3118 marai

379 3143 485 3221 5Quid
497 3143 683 3204 Nomentani
698 3163 817 3203 causam
832 3143 908 3203 mihi
922 3141 1029 3222 perdis
1044 3137 1155 3219 agelli,

428 3232 430 3236 '
443 3228 579 3307 Propter
592 3227 724 3286 vicinum
740 3229 791 3306 qui
805 3228 961 3306 pretiosus
977 3226 1068 3287 erat?

403 3310 467 3370 Sed
478 3313 537 3371 iam
551 3328 644 3391 parce
659 3312 751 3385 milri,
772 3329 831 3370 uec
844 3313 988 3387 abutere,
1010 3309 1141 3387 Narnia,
1163 3307 1291 3385 Quinto:

443 3394 600 3474 Perpetuo
615 3390 711 3453 liceat
725 3396 770 3454 sic
783 3396 841 3455 tibi
855 3403 951 3476 ponte
967 3394 1040 3457 frui.

805 3527 914 3590 xciv.

404 3640 598 3715 Unguentum
613 3639 731 3716 fuerat,
754 3639 837 3718 quod
851 3659 930 3719 uuyu
944 3637 1035 3699 modu
1049 3656 1143 3719 parva
1157 3637 1298 3717 gerebat:

446 3721 563 3782 Olfecit
573 3733 735 3805 postquam
750 3723 891 3805 Papilus,
907 3741 999 3801 ecce,
1018 3728 1125 3803 girum
1140 3727 1200 3785 era
1294 3736 1324 3829 '⁴
