3267 4409
498 455 839 520 EPIGRAMMATON
851 459 926 521 LIII.
940 460 991 524 IX.
1205 458 1267 522 219

677 662 813 725 cxxvi.

313 774 400 834 Ilsec
414 780 486 835 sunt
499 773 554 836 illa
571 778 632 835 mei
652 796 729 856 quae
745 776 873 836 cernitis
888 794 942 835 cra
958 777 1099 855 CamcnI,

356 859 442 918 llaec
456 861 546 939 pueri
559 860 655 920 iceles
668 863 829 940 primaque
843 861 942 921 forme
957 861 1026 921 luit.

314 943 465 1003 Creverat
477 944 529 1004 hic
542 944 642 1005 voltus
657 947 704 1005 bis
722 945 810 1005 denis
825 945 939 1004 fuiticr
954 946 1041 1005 annis

308 1032 310 1036 '
356 1027 579 1108 Gaudebatque
590 1048 659 1088 suas
672 1031 804 1109 pingere
819 1031 913 1090 barba
929 1047 1037 1106 genas,

290 1111 353 1173 sut
367 1111 462 1171 libata
475 1110 573 1172 semel
588 1132 719 1173 summos
734 1114 824 1173 mcdc
841 1132 977 1193 purpura
991 1110 1108 1172 cultros

355 1195 528 1275 Sparserat.
557 1197 668 1257 Invidit
681 1194 721 1256 de
738 1199 837 1257 tribus
853 1217 912 1256 una
926 1217 1015 1256 soror

310 1281 354 1340 Et
364 1281 519 1340 festinatis
534 1280 643 1341 incidit
660 1283 788 1340 stamina
801 1282 924 1361 pensis,

355 1365 587 1444 Absentemque
601 1367 683 1445 patri
697 1362 822 1425 rettulit
837 1385 916 1423 urna
929 1383 1044 1443 rogum.
1146 1393 1154 1401 ,

311 1446 376 1508 Sed
391 1466 431 1507 nc
445 1448 511 1508 sola
524 1457 628 1509 tumen
641 1468 770 1529 puerum
783 1451 905 1530 pictura
918 1447 1080 1528 loquatur,

270 1544 305 1594 10
351 1532 439 1592 Haec
452 1535 514 1594 erit
525 1535 559 1593 in
573 1534 688 1594 chartis
702 1535 799 1593 maior
811 1535 911 1613 imago
926 1535 1011 1595 meis.

672 1667 822 1731 cxxvn.
853 1645 859 1650 ’
936 1672 940 1680 ·

312 1776 402 1856 Quod
417 1778 564 1858 optimum
578 1779 618 1837 sit
633 1777 768 1858 disputat
782 1780 952 1841 convivium

354 1860 499 1924 Facunda
515 1863 615 1921 Prisci
629 1865 755 1942 pagins,
815 1920 821 1929 ,

292 1990 295 1994 -
312 1949 354 2009 Et
367 1946 461 2007 multa
476 1943 576 2023 dulci,
597 1947 692 2007 multa
707 1946 831 2008 sublimi
845 1947 962 2023 refert,

355 2030 419 2091 Sed
433 2037 542 2090 cuncta
557 2029 648 2090 docto
663 2038 801 2111 pectore.

291 2114 405 2194 sQuod
420 2116 567 2195 optimum
581 2115 621 2174 sit
636 2116 784 2194 quaeritis
799 2113 990 2174 convivium?

355 2201 391 2260 ln'
404 2218 464 2277 quc
479 2197 641 2260 choraules
655 2218 716 2258 non
731 2200 802 2259 erit.

671 2348 833 2411 LXXVIII.

313 2452 438 2523 Funera
450 2466 521 2541 post
535 2467 654 2541 septem
669 2463 775 2542 nupsit
788 2462 846 2522 tibi
861 2460 948 2522 Galla
963 2462 1113 2538 virorum,

356 2547 534 2606 Picentino:
556 2547 645 2625 sequi
660 2544 742 2625 vult,
763 2554 856 2627 puto,
879 2545 967 2607 Galla
982 2546 1073 2608 viros.

650 2656 652 2661 ’
687 2680 822 2742 nxxrx.

316 2793 434 2854 Oderat
448 2801 518 2853 ante
534 2791 643 2853 ducum
659 2794 788 2854 famulos
803 2794 986 2871 turbamque
999 2793 1136 2872 priorem

356 2880 398 2940 Et
412 2877 582 2938 Palatinum
598 2879 694 2938 Roma
708 2877 924 2957 supercilium:

313 2964 356 3024 At
369 2982 450 3022 nunc
464 2969 567 3023 tantus
583 2982 667 3022 amor
682 2964 817 3038 cunctis,
838 2963 995 3040 Auguste,
1015 2964 1139 3020 tucrum
1154 2963 1219 3034 est,

325 3067 329 3074 ·
356 3048 400 3108 Ut
413 3048 454 3106 sit
469 3048 579 3125 cuique
594 3066 666 3107 suae
681 3067 754 3106 cura
769 3045 904 3104 secunda
920 3044 1035 3104 domus.

297 3130 394 3192 5Tam
408 3129 549 3212 placidae
563 3138 700 3208 mentes,
722 3136 807 3190 tanta
823 3135 871 3188 est
882 3129 1061 3210 reverentiq
1072 3127 1186 3202 nostri,

357 3214 434 3276 'l'am
449 3223 557 3296 pacata
573 3217 678 3294 quies,
700 3219 802 3274 tantus
815 3212 849 3272 iu
863 3231 918 3273 ore
935 3210 1045 3293 pudor.

315 3301 411 3362 Nemo
427 3319 498 3360 suos
514 3334 557 3346 -
568 3301 646 3360 haec
663 3305 712 3360 est
726 3297 814 3358 aulae
829 3303 937 3357 natura
950 3296 1089 3377 potentis.
1104 3330 1158 3373 -,

273 3432 275 3443 .
357 3383 421 3445 Sed
436 3385 552 3445 domini
565 3402 667 3445 mcres
683 3384 883 3444 Caesarianus
898 3383 1001 3445 habet.
1077 3426 1084 3434 Ι

690 3517 812 3578 Lxxx„

317 3631 452 3692 Duxerat
464 3632 604 3691 esuriens
618 3627 807 3709 locupletem
821 3647 939 3710 pauper
955 3646 1123 3707 anumque:

358 3715 492 3778 Uscrcm
506 3716 606 3798 pascit
620 3713 741 3778 Gellius
755 3719 787 3775 et
801 3714 905 3776 futuit.
