3267 4409
547 457 885 524 EPIGRAMMATON
897 458 972 524 nia.
988 459 1053 522 Vll.
1257 460 1316 524 lot
1332 528 1337 537 ,

746 663 854 727 ΧΧΙΧ.

368 783 537 864 Thestyle,
558 783 696 846 Victoris
708 789 896 843 tormentum
912 780 1004 842 dulce
1018 783 1155 864 Voconi,

409 870 475 943 Quo
491 887 580 928 nemo
598 873 647 927 est
662 874 727 926 tota
741 868 845 926 notior
859 869 937 927 urbe
951 885 1045 947 puer,

365 953 417 1012 Sic
433 956 524 1012 etiam
539 953 649 1032 positis
663 952 815 1011 formosus
830 970 934 1011 amere
949 949 1071 1032 capillis

406 1038 447 1097 Et
460 1037 584 1117 placeat
598 1038 659 1095 vati
674 1035 760 1095 nulla
774 1034 881 1115 puella
895 1042 967 1109 tuo;
1076 1095 1079 1099 .

342 1120 529 1200 5Paulisper
544 1121 658 1181 domini
674 1119 780 1179 doctos
794 1138 910 1199 sepone
926 1117 1066 1198 libellos,

408 1207 551 1265 Carmina
565 1206 685 1266 Victori
699 1204 770 1262 dum
783 1203 853 1282 lego
869 1223 961 1283 parva
975 1210 1038 1264 tuo.

364 1289 407 1349 Et
422 1290 598 1349 Maecenati
612 1288 702 1348 Maro
719 1308 787 1346 cum
802 1293 942 1347 cantaret
956 1287 1084 1366 Alexin,

405 1373 486 1433 Nota
499 1379 602 1434 tamen
615 1373 714 1433 Marsi
727 1373 813 1431 fusca
827 1371 980 1433 Melaenis
994 1379 1070 1432 erat.

752 1505 848 1566 XXX.

364 1618 424 1677 Das
438 1617 578 1695 Parthis,
601 1617 654 1677 das
669 1619 848 1695 Germanis,
871 1615 939 1694 das,
963 1615 1082 1695 Caelia,
1103 1616 1210 1696 Dacis,

405 1703 470 1760 Nec
485 1701 615 1761 Cilicum
631 1704 751 1782 spernis
766 1700 1041 1781 Cappadocumque
1056 1708 1158 1775 toros;

362 1786 405 1845 Et
419 1787 475 1844 tibi
493 1785 531 1845 de
545 1786 657 1845 Pharia
671 1787 890 1866 Memphiticus
904 1788 982 1845 urbe
997 1786 1115 1844 fututor

406 1870 550 1947 Navigat,
574 1891 591 1928 a
605 1871 707 1929 rubris
724 1877 756 1930 et
769 1871 859 1948 niger
874 1869 966 1929 Indus
980 1870 1084 1948 aquis;

344 1951 431 2013 oNec
445 1955 647 2013 recutitorum
662 1955 743 2032 fugis
756 1955 881 2031 inguina
896 1953 1093 2029 Iudaeorum,

405 2038 517 2097 Necte
533 2038 701 2098 Sarmatico
716 2039 829 2097 transit
843 2036 959 2096 Alanus
974 2055 1063 2115 equo.
1143 2088 1148 2101 ,

363 2121 429 2198 Qua
446 2123 566 2181 ratione
581 2122 673 2199 facis,
696 2141 764 2180 curn
779 2122 821 2180 sis
835 2121 970 2180 Romana
984 2116 1102 2199 puella,

405 2205 494 2282 Quod
507 2206 643 2265 Romana
658 2207 715 2266 tibi
727 2202 966 2265 mentula'nulla
979 2202 1104 2287 placet?

743 2339 851 2401 XXXI.

363 2449 484 2510 Raucae
500 2451 617 2510 chortis
633 2469 703 2511 aves
718 2458 751 2511 et
765 2473 821 2511 ova
834 2457 964 2511 matrum
1042 2452 1047 2461 '

360 2533 402 2592 Et
417 2535 507 2593 flavas
522 2534 623 2595 medio
639 2555 752 2615 vapore
768 2537 877 2613 Chias,

361 2618 403 2678 Et
417 2618 513 2678 fetum
531 2618 679 2697 querulae
694 2620 801 2680 'rudem
818 2617 972 2699 capellae,

361 2701 428 2760 Nee
444 2703 503 2761 iam
519 2701 686 2780 frigoribus
701 2723 792 2783 pares
808 2702 919 2780 olivas,

339 2786 404 2846 ant
419 2805 526 2845 canum
541 2786 652 2864 gelidis
668 2786 735 2848 olus
749 2789 869 2868 proluis

361 2869 408 2928 De
423 2877 530 2929 nostro
547 2872 603 2931 tibi
617 2873 708 2931 missa
722 2891 796 2932 rure
811 2869 955 2932 credis‘l.

362 2953 388 3011 0
405 2958 509 3031 quam,
527 2955 662 3034 Regula,
685 2955 854 3033 diligenter
869 2953 970 3014 erras!

360 3035 413 3096 Nil
429 3039 542 3116 nostri,
564 3041 623 3098 nisi
639 3058 705 3117 me,
727 3041 833 3098 ferunt
847 3036 950 3116 agelli.

361 3121 519 3200 Quidquid
535 3123 643 3183 vilicus
660 3124 777 3183 Umber
793 3128 845 3182 aut
861 3121 1010 3197 Galenus,

319 3215 353 3268 10
361 3207 422 3265 Aut
436 3207 530 3266 Tusci
545 3210 602 3267 tibi
618 3207 783 3267 Tusculiue
797 3206 939 3282 mittunt,

360 3290 423 3348 Aut
436 3310 490 3350 rus
505 3310 657 3351 marmore
672 3293 767 3352 tertio
782 3295 936 3367 notatum,

360 3373 394 3433 Id
409 3380 474 3434 tota
492 3377 567 3434 mihi
581 3378 716 3436 nascItur
731 3377 859 3437 Subura.

734 3508 856 3572 XXXII.

360 3625 480 3704 Attice,
497 3625 647 3686 facundae
662 3646 790 3687 renovas
805 3628 859 3706 qui
872 3628 995 3687 nomios
1008 3627 1108 3704 gentis

401 3711 467 3769 Nec
481 3712 556 3772 sioIs
570 3713 727 3789 Ingentem
742 3714 927 3773 conticuisse
941 3711 1082 3792 domum,
