3267 4409
266 499 273 508 -
334 461 397 529 238
656 459 702 524 M„
716 458 807 523 vnn
821 454 1047 523 monemus

814 662 893 725 XLI.

417 777 529 838 Mense
542 795 621 837 novo
636 775 703 853 lani,
714 780 868 852 veterem,
889 769 1069 850 Proculeio,
1090 775 1233 836 maritum

460 862 586 922 Deseris
602 867 694 939 atque
708 861 796 919 iubes
810 876 862 918 res
876 858 935 918 sibi
948 857 1065 939 habere
1080 877 1158 919 suas.
1211 936 1214 940 ¹

418 944 509 1022 Quid,
522 964 609 1023 rogo,
624 943 698 1022 quid
710 944 825 1003 iactum
840 942 910 1002 est?
925 941 1018 1001 subiti
1037 959 1115 1021 quae
1130 961 1220 1002 eausa
1230 940 1361 1002 doloris?

459 1027 511 1088 Nil
526 1029 601 1088 mibi
614 1025 808 1107 respondes?
836 1026 941 1086 Dicam
956 1043 1028 1104 ego,
1049 1033 1177 1106 praetor
1193 1035 1271 1091 erat.

334 1166 339 1179 ,
396 1113 605 1173 §Constatura
618 1112 679 1171 fuit
691 1110 879 1189 Megalensis
893 1129 1029 1190 purpura
1044 1116 1167 1170 centum

352 1200 356 1206 ’
461 1195 605 1274 Milibus,
627 1201 662 1255 ut
673 1195 798 1254 nimium
812 1212 939 1253 munera
953 1213 1045 1272 parea
1059 1192 1166 1271 dares,

417 1281 460 1341 Et
473 1279 622 1360 populare
635 1298 754 1339 sacrum
768 1279 816 1338 bis
831 1277 916 1357 milia
931 1275 1010 1337 dena
1023 1276 1156 1338 tulisset.

459 1363 628 1425 Discidium
642 1382 704 1423 non
718 1369 767 1423 est
780 1363 857 1444 boe,
877 1360 1054 1422 Proculeia:
1073 1360 1194 1422 lucrum
1208 1368 1265 1424 eat,

811 1495 900 1556 XLII.

420 1607 497 1667 Tam
513 1605 604 1668 dubia
618 1615 667 1669 est
679 1608 790 1686 lanugo
804 1610 879 1683 tibi,
899 1613 960 1668 tam
974 1604 1092 1688 mollis,
1113 1614 1148 1668 ut
1160 1605 1246 1669 illam

460 1691 581 1751 Halitus
595 1697 627 1751 et
641 1691 723 1751 soles
740 1699 771 1751 ct
785 1690 862 1751 levis
877 1710 949 1750 aura
963 1697 1053 1750 terat.

419 1774 568 1835 Celantur
583 1774 675 1835 simili
687 1781 816 1835 ventura
831 1772 969 1854 Cydonia
982 1775 1067 1853 lana,

460 1857 578 1918 Pollice
592 1858 730 1936 virgineo
744 1876 822 1936 quae
837 1856 967 1938 spoliata
979 1861 1090 1945 nitent.

398 1944 544 2005 bl'ortius
560 1944 701 2022 impressi
717 1943 859 2021 quotiens
875 1944 932 2003 tibi
947 1944 1030 2003 basia
1047 1944 1199 2023 quinque,

461 2028 610 2087 Barbatus
621 2025 733 2106 labris,
748 2026 920 2106 Dindyma,
941 2028 981 2089 lio
996 2029 1066 2088 tuis.

802 2161 907 2225 XLlll.

420 2277 556 2356 Septima
573 2276 647 2354 iam,
669 2276 828 2355 Phileros,
850 2276 908 2336 tibi
924 2274 1066 2336 conditur
1079 2294 1156 2335 uxor
1169 2276 1208 2337 in·
1218 2294 1298 2356 agro.

444 2424 446 2428 λ
460 2359 534 2419 Plus
549 2359 642 2438 nulli,
665 2360 824 2439 Phileros,
844 2381 936 2439 quam>
947 2362 1020 2441 tibi,
1036 2359 1147 2455 ¹reddit
1161 2379 1244 2441 ager.

797 2494 904 2557 XLIV.

355 2578 379 2626 ⁸
420 2604 532 2681 Quinte
548 2602 731 2665 Caledonios
749 2604 839 2665 Ovidi
853 2606 954 2665 visure
969 2607 1133 2666 Britannos

458 2688 500 2747 Et
512 2687 642 2747 viridem
660 2689 783 2767 Tethyn
799 2690 1015 2769 Oceanumque
1029 2697 1163 2770 patrem,

415 2772 499 2848 Ergo
514 2771 629 2832 Numae
644 2772 740 2832 colles
755 2779 787 2832 et
801 2773 991 2834 Nomentana
1006 2774 1164 2852 relinques

459 2855 545 2933 Otia,
566 2873 624 2915 uec
642 2859 759 2917 retinet
774 2877 888 2936 rusque
902 2858 1050 2938 focusque
1066 2859 1195 2919 senem?

397 2937 538 3001 bGaudia
552 2946 586 2998 tu
602 2939 726 3020 differs,
746 2940 777 3000 at'
790 2961 851 3000 non
866 2949 899 3001 et
913 2945 1040 3003 stamina
1058 2942 1174 3003 differt·

459 3024 611 3104 Atropos,
634 3032 726 3104 atque
741 3027 838 3086 omnis
854 3029 999 3088 scribitur
1013 3029 1089 3087 hora
1104 3029 1171 3091 tibi.

416 3108 616 3168 Praestiteris
631 3130 702 3170 caro
717 3145 759 3157 -
775 3111 917 3188 quis-non
933 3113 992 3172 boc
1005 3110 1134 3171 laudet?
1146 3146 1189 3157 -
1204 3114 1316 3194 amieo,

458 3194 503 3254 Ut
516 3193 620 3272 potior
632 3195 695 3254 vita
709 3195 750 3255 sit
762 3196 821 3255 tibi
837 3201 940 3254 sancta
954 3194 1048 3270 fides;

418 3274 480 3337 Sed
494 3275 626 3338 reddare
640 3280 701 3339 tuis
716 3278 839 3339 tandem
854 3299 995 3340 mansure
1009 3281 1130 3341 Sabinis

377 3371 410 3422 10
459 3361 568 3442 Teque
585 3368 653 3422 tuas
668 3358 909 3423 numeres'inter
923 3365 1079 3427 amicitias.
1256 3368 1273 3405 ⁴

807 3497 901 3563 XLV.

401 3651 403 3657 .
416 3605 448 3664 Si
466 3605 540 3683 quid
553 3604 627 3667 lene
640 3608 702 3667 mei
717 3607 824 3670 dicunt
843 3617 875 3671 et
889 3608 979 3671 dulce
991 3610 1109 3691 libelli,

458 3689 491 3748 Si
507 3690 582 3769 quid
597 3692 801 3753 honorificum
814 3696 925 3775 pagina
941 3694 1052 3755 blanda
1069 3703 1174 3778 sonat,
1243 3696 1249 3705 ’
