3267 4409
650 487 695 550 Μ
709 486 802 550 VAL.
815 476 1042 550 MARTIALIS

411 640 462 702 Sic
476 646 621 720 tauquam
634 637 715 700 nihil
730 640 844 701 offeras
858 658 1000 719 agesque.

412 725 446 785 Si
460 726 531 785 nori
546 724 702 785 domiuum
717 743 828 784 novem
843 743 1002 802 sororum,

410 806 502 870 Ultro
517 826 708 890 purpureum
721 813 811 889 petet
824 805 973 868 libellum.

815 940 882 1004 VII.

412 1053 555 1133 Qualiter
568 1055 713 1134 Assyrios
727 1059 878 1114 renovant
892 1052 1036 1116 incendia
1049 1052 1158 1133 nidos,
1184 1056 1188 1061 '

453 1140 522 1200 Uua
537 1139 646 1200 decem
661 1139 803 1216 quotiens
819 1137 941 1198 saecula
953 1140 1029 1199 vixit
1044 1140 1139 1217 aris,
1265 1214 1269 1219 Ι

413 1221 536 1284 Taliter
551 1228 642 1283 exuta
656 1230 706 1282 est
719 1228 860 1283 veterem
874 1240 952 1281 nora
965 1223 1062 1282 Roma
1076 1229 1236 1293 senectam

455 1308 497 1368 Et
512 1307 642 1386 sumpsit
653 1304 755 1367 voltus
770 1305 924 1386 praesidis
938 1307 1005 1385 ipsa
1021 1307 1077 1368 sui.

413 1391 476 1449 lam
489 1408 603 1470 precor
618 1387 733 1449 oblitus
746 1395 891 1468 nostrae,
911 1388 1067 1467 Volcano,
1091 1387 1243 1468 querelae

453 1474 568 1534 Parce:
590 1493 692 1533 sumus
707 1474 819 1533 Martis
834 1474 940 1551 turba,
962 1471 1017 1532 sed
1033 1478 1067 1533 et
1081 1473 1234 1535 Venerist

411 1557 528 1634 Parce,
549 1565 653 1637 pater:
670 1558 715 1616 sic
729 1557 902 1617 Lemniacis
916 1555 1030 1616 lasciva
1045 1557 1163 1617 catenis

453 1641 594 1719 Ignoscat
608 1643 740 1702 coniunx
755 1647 788 1701 et
800 1642 958 1721 patienter
974 1647 1064 1703 amet.

805 1789 884 1853 V111.

412 1899 556 1963 Edictum
570 1900 686 1962 domiui
701 1900 814 1981 deique
829 1904 947 1984 nostri,

413 1985 482 2062 Quo
497 1985 643 2047 subsellia
658 1988 793 2046 certiora
805 1987 885 2046 liunt
1047 2054 1053 2081 ²

412 2070 455 2130 Et
467 2090 562 2150 puros
577 2088 674 2150 eques
691 2069 817 2130 ordines
831 2072 968 2150 recepit,

412 2153 492 2214 Dum
509 2153 616 2215 laudat
629 2153 721 2215 modo
735 2156 891 2216 Phasia‘iu
905 2156 1046 2233 theatro,

391 2236 524 2298 5Phasis
538 2241 704 2319 purpureis
720 2241 815 2299 ruber
828 2238 980 2317 lacernis,

412 2319 455 2381 Et
467 2322 562 2381 iactat
575 2321 692 2380 tumido
708 2324 860 2400 superbus
876 2341 947 2382 ore:

412 2403 575 2479 „Tandem
591 2403 778 2464 commodius
792 2405 870 2481 licet
883 2405 1012 2483 sedere,
1054 2446 1058 2450 -

413 2485 501 2547 Nunc
515 2495 564 2548 cst
577 2485 701 2547 reddita
716 2487 849 2567 dignitas
864 2482 1045 2568 equestris}

414 2569 521 2631 Turba
533 2591 595 2631 non
609 2573 794 2651 premimur,
815 2592 874 2633 nec
891 2575 1085 2652 inquinamur
1092 2569 1123 2632 :“

372 2653 498 2714 10Haec
513 2661 546 2715 et
559 2653 634 2714 talia
649 2654 720 2716 dum
734 2657 837 2716 refert
851 2659 993 2737 supinus,

413 2734 484 2797 illas
497 2756 669 2819 purpureas
684 2747 718 2799 et
733 2747 914 2818 arrogantes

413 2820 505 2882 lussit
518 2840 646 2901 surgere
660 2824 767 2885 Leitus
783 2823 936 2891 lacernas.

821 2957 873 3020 IX.

413 3064 625 3145 Lauguebamr
646 3066 702 3128 sed
716 3075 749 3130 tu
764 3072 926 3131 comitatus
940 3072 1082 3152 protinus
1099 3070 1202 3132 adme

456 3151 579 3213 Venisti
595 3159 734 3233 centum,
756 3153 1145 3234 Symmache,.diacipulis.

415 3232 546 3295 Centum
560 3255 610 3296 me
623 3238 758 3316 tetigere
773 3258 878 3298 manus
895 3237 1039 3317 aquilone
1053 3237 1190 3316 gelatae:

455 3317 525 3377 Non
538 3320 632 3380 habui
645 3321 784 3401 febrem,
807 3322 1004 3401 Symmacho,
1025 3341 1106 3383 nuuc
1119 3323 1230 3384 habeo.

829 3454 867 3518 X.

414 3559 493 3621 Esse
508 3547 584 3641 quid
596 3564 656 3625 hoc
671 3563 787 3642 dicam,
801 3565 878 3624 viris
894 3562 977 3643 quod
991 3565 1072 3625 fama
1086 3571 1218 3644 negatur

456 3644 499 3706 Et
514 3665 568 3706 sua
589 3646 672 3725 quod
685 3667 774 3707 rarus
789 3653 930 3728 tempora
943 3647 1045 3709 lector
1060 3651 1165 3711 amati
1265 3706 1273 3717 ,

415 3727 458 3788 lli
472 3735 544 3790 sunt
558 3730 691 3791 invidiae
706 3731 867 3812 nimirum,
887 3731 1026 3815 Regulo,
1047 3751 1169 3813 mores,
