3267 4409
262 416 264 419 ’
325 445 364 507 12
647 448 690 509 m.
706 417 1057 507 van.mnnr1nu1s'''

492 579 565 677 Cui,¹
586 596 688 658 lector
700 598 854 676 studiose,
877 598 959 679 quod
973 599 1086 659 dedisti

365 694 394 742 ·5
491 683 615 742 Viventi
630 680 723 741 decus
737 693 829 761 atque
842 673 1009 761 seutieirtiq

489 765 563 826 Rari
574 772 645 846 post
660 767 781 826 cineres
794 767 910 826 habent
923 773 1045 847 poetae.

407 1045 466 1120 Qui
477 1048 579 1103 tecum
597 1043 681 1122 cupis
697 1030 766 1101 esse
780 1059 866 1101 meos
879 1042 1053 1120 ubicunque
1067 1038 1195 1118 libellos

448 1128 489 1187 Et
503 1127 630 1186 comites
643 1123 754 1202 longae
771 1126 893 1202 quaeris
906 1126 1021 1185 habere
1033 1127 1116 1203 viae,

293 1287 295 1291 y
407 1211 472 1270 Hos
485 1228 569 1285 eme,
593 1228 668 1288 qnos
682 1215 762 1268 artat
772 1210 917 1270 brevibus
932 1210 1107 1268 membrana
1120 1209 1261 1271 tabellist

450 1294 569 1353 Scrinia
582 1292 620 1351 da
632 1294 764 1370 maguis,
785 1310 835 1352 me
849 1312 954 1363 manus
968 1312 1028 1352 una
1042 1294 1132 1372 capit.

379 1389 394 1438 5
406 1378 452 1437 Ne
465 1384 567 1435 tamen
580 1377 704 1453 ignores
720 1377 772 1435 ubi
787 1378 844 1435 sim
857 1375 989 1454 venalis,
1011 1382 1043 1436 et
1059 1395 1146 1436 erres

448 1461 534 1520 Urbe
547 1479 639 1537 vagus
654 1465 736 1537 tota,
758 1478 806 1519 me
820 1460 897 1520 duce
915 1466 1018 1520 certus
1033 1461 1111 1519 eris:
1220 1462 1223 1466 ’

407 1544 567 1603 Libertum
582 1543 665 1603 docti
679 1544 827 1603 Lucensis
845 1563 958 1621 quaere
973 1543 1147 1603 Secundum
1162 1537 1165 1542 ¹

413 1640 416 1646 ’
447 1628 566 1689 Limina
579 1633 651 1708 post
664 1628 752 1688 Pacis
767 1626 1000 1707 Palladiumque
1013 1627 1123 1688 forum.

814 1790 863 1850 [Π.

288 1932 292 1941 ’
355 1944 357 1947 v
411 1902 603 1981 Argiletanas
615 1902 708 1962 mavis
720 1903 860 1962 hahitare
873 1886 1034 1980 taberna's,

450 1989 527 2047 (ium
541 1987 616 2065 tibi,
637 2004 731 2066 parve
744 1985 844 2065 liber,
867 1987 980 2046 scrinia
995 1990 1100 2044 nostra
1115 1992 1225 2046 vacent

406 2072 530 2149 Nescis,
553 2074 630 2148 heu,
652 2072 753 2130 nescis
769 2070 910 2130 dominae
924 2069 1048 2130 fastidia
1061 2069 1194 2129 Romaez

451 2156 553 2216 Crede
567 2157 657 2233 mihi,
678 2157 804 2214 nimium
816 2156 929 2215 Martia
943 2155 1033 2213 turba
1047 2154 1136 2232 sapit.
1265 2214 1268 2219 ,

378 2248 394 2296 5
406 2239 543 2308 Maiores
555 2258 703 2318 nusquam
716 2240 866 2317 rhonchi‚
889 2241 1076 2316 iuvenesque
1090 2254 1243 2316 senesque

448 2323 490 2381 Et
502 2324 592 2402 pueri
607 2342 713 2382 nasum
727 2324 934 2382 rhinocerotis
949 2323 1072 2381 habent.

406 2402 553 2466 Audieris
568 2426 635 2465 cum
648 2405 764 2484 grande
783 2407 914 2486 sophos,
938 2405 1008 2464 dum
1022 2405 1107 2464 basia
1121 2405 1215 2464 iactas

450 2490 511 2566 Ibis
527 2492 563 2550 ab
580 2508 707 2549 excusso
721 2491 831 2548 missus
843 2491 875 2548 in
889 2495 970 2548 astra
986 2508 1067 2570 sago.

408 2572 471 2633 Sed
483 2579 520 2632 tu
533 2592 573 2633 ne
583 2572 699 2633 totiens
715 2573 829 2633 domini
843 2575 960 2653 patiare
974 2572 1083 2632 lituras

371 2669 400 2718 {0
452 2657 536 2717 Neve
549 2663 638 2718 notet
652 2654 735 2716 lusus
748 2658 847 2717 tristis
861 2656 999 2716 harundo
1015 2663 1099 2734 tuos,

407 2741 588 2819 Aetherias,
605 2740 734 2819 lascive,
757 2743 842 2821 cupis
855 2740 987 2801 volitare
999 2759 1057 2820 per
1071 2758 1175 2798 auras:

448 2823 478 2903 l,
499 2825 590 2903 fuge3
612 2823 666 2884 sed
680 2831 805 2906 poteras
820 2826 917 2885 tutior
933 2843 1002 2885 esse
1018 2822 1109 2883 domi.

813 2988 864 3050 1v.

409 3098 584 3178 Contigeris
598 3102 739 3175 nostros,
762 3099 892 3176 Caesar,
915 3100 941 3159 si
955 3100 1038 3160 forte
1052 3097 1196 3177 libellos,

450 3183 619 3243 Terrarum
631 3181 784 3243 dominum
796 3201 877 3262 pone
892 3182 1097 3262 supercilium.

408 3266 604 3326 Consuevere
617 3266 701 3325 iocos
716 3269 813 3326 vestri
828 3285 949 3345 quoque
966 3266 1052 3327 ferre
1066 3267 1215 3346 triumphi

449 3347 611 3417 Materiam
628 3349 719 3409 dictis
734 3369 792 3409 nec
806 3349 903 3429 pudet
918 3368 987 3409 esse
1002 3349 1120 3412 ducem.

378 3431 473 3507 5Qua
489 3431 661 3511 Thymelen
677 3440 797 3512 spectas
813 3432 1045 3511 derisoremque
1060 3434 1216 3510 Latinum,

448 3513 504 3574 llla
517 3516 621 3575 fronte
635 3535 748 3595 precor
764 3518 898 3575 carmina
912 3525 1018 3577 nostra
1034 3516 1129 3595 legas.
1158 3543 1160 3548 ·

407 3599 556 3657 innocuos
572 3618 700 3658 censura
715 3605 819 3679 potest
834 3602 1018 3679 permittere
1031 3599 1133 3660 lusus:

449 3682 575 3742 Lasciva
590 3677 638 3743 e'st
653 3685 741 3766 nobis
755 3684 883 3771 pagina,
905 3686 966 3744 vita
981 3686 1087 3764 proba.
