3267 4409
595 883 641 956 M.
670 882 775 957 VAL.
802 882 1056 960 MARTIALIS
1124 792 1126 799 Ι

514 1010 1144 1151 orron'r'unrror

718 1237 879 1299 LIBER
904 1237 943 1300 X.

819 1421 841 1482 l.

395 1534 429 1597 Si
442 1534 552 1595 nimius
566 1532 675 1594 videor
689 1552 820 1614 seraque
836 1533 983 1595 coronide
996 1532 1109 1617 longus

435 1620 513 1680 Esse
526 1618 624 1697 liber,
642 1616 740 1697 legito
754 1639 865 1698 pauca:
882 1617 1010 1681 libellus
1024 1638 1090 1684 ero.

395 1702 521 1781 Terque
537 1708 707 1782 quaterque
720 1704 795 1764 mihi
809 1703 915 1763 finitur
930 1704 1066 1765 carmine
1081 1724 1177 1784 parvo

433 1788 563 1867 Pagina:
583 1787 632 1847 lac
646 1788 704 1848 troi
717 1804 765 1847 me
784 1807 873 1867 quam
887 1789 973 1868 cupis
987 1806 1058 1849 ease
1073 1790 1208 1853 brevem.

821 1921 856 1982 Π.

393 2035 551 2096 Festinata
564 2033 651 2113 prior
668 2030 779 2093 decimi
793 2033 868 2092 mihi
882 2049 955 2090 cura
968 2027 1072 2091 libelli

437 2116 582 2197 Elapsum
596 2119 734 2177 manibus
748 2138 829 2177 nunc
843 2115 997 2175 revocavit
1011 2134 1098 2195 opus.

395 2202 474 2262 Nota
487 2202 573 2280 leges
588 2201 752 2281 quaedam,
772 2201 828 2261 sed
842 2200 916 2259 lima
931 2217 1000 2258 rasa
1013 2203 1152 2263 recenti:

435 2287 511 2345 Pars
525 2306 602 2344 nova
617 2288 712 2346 maior
727 2288 802 2345 erit:
824 2285 940 2359 lector,
962 2284 1087 2360 utrique
1101 2286 1187 2366 fave,

373 2369 527 2447 5Leotor,
550 2390 624 2450 opes
642 2378 779 2430 nostrae:
799 2389 889 2448 quem
911 2387 979 2426 cum
994 2370 1068 2428 mihi
1085 2371 1179 2432 Roma
1194 2369 1245 2430 ded

436 2453 508 2530 „Nil
522 2456 579 2514 tibi
595 2455 676 2533 quod
692 2454 797 2514 demus
814 2455 909 2512 maius
924 2452 1093 2512 lrabemus“
1111 2458 1161 2515 ait.

394 2538 507 2616 „Pigra
521 2557 577 2618 per
592 2540 673 2597 hunc
687 2540 786 2616 fugies
800 2539 938 2615 ingratae
952 2537 1077 2596 {lumina
1090 2538 1201 2611 Lethes

434 2623 476 2683 Et
491 2622 618 2682 meliore
633 2625 677 2681 tui
691 2630 779 2701 parte
795 2626 952 2701 superstes
967 2621 1040 2681 eris.

393 2707 549 2767 Marmora
563 2705 714 2767 Messalae
729 2706 821 2765 findit
835 2705 995 2784 caprificus
1012 2711 1044 2764 et
1058 2705 1155 2767 audax

352 2802 386 2853 10
433 2789 582 2849 Dimidios
598 2791 700 2870 Crispi
716 2789 807 2850 mulio
823 2791 907 2850 ridet
921 2807 1030 2866 equos:

393 2875 435 2935 Aa
449 2874 563 2933 chartis
576 2893 635 2934 nec
649 2876 712 2934 iata
725 2880 839 2935 nocent
854 2882 886 2934 et
900 2872 1020 2932 saecula
1034 2881 1176 2953 prosunt,

436 2956 569 3038 Solaque
584 2979 645 3017 non
660 2965 774 3019 norunt
788 2962 864 3020 hacc
879 2957 1065 3018 monimenta
1082 2958 1187 3020 mori.“

801 3093 850 3155 Ill.

392 3203 635 3268 Vernaculorum
650 3204 747 3283 dicta,
769 3205 926 3266 sordidum
942 3204 1084 3284 dentem,

393 3289 435 3349 Et
448 3289 540 3348 foeda
553 3288 676 3367 linguae
691 3292 805 3370 probra
821 3289 1041 3367 circulatriciS,

394 3372 478 3448 Quae
494 3371 673 3453 sulphurato
691 3372 771 3433 nolit
785 3382 887 3454 empta
901 3381 1039 3434 ramento

393 3455 585 3517 Vatiniorum
597 3466 766 3537 proxeneta
781 3461 965 3536 fractorum,

373 3539 492 3599 5Poeta
508 3541 629 3619 quidam
645 3539 847 3602 clancularius
862 3544 979 3622 spargit

394 3623 435 3683 Et
448 3622 513 3684 volt
528 3624 626 3685 videri
642 3633 756 3687 nostra.
787 3627 898 3688 Credis
913 3629 989 3707 hoc,
1010 3627 1133 3710 Prisce,
