3267 4409
367 488 407 549 16
790 499 904 548 suasu

367 637 526 699 Contentus
548 654 690 717 perages,
715 639 739 698 si
760 639 862 697 vivere
885 655 948 697 cunr
970 636 1041 697 love
1064 637 1172 698 tendis!
1186 671 1227 685 -·-

365 722 424 782 lam
447 724 543 799 pueris
566 720 673 799 pellem
696 722 859 780 succinctus
883 729 913 780 et
936 719 1134 798 oenophorum
1157 731 1253 799 aptas:
1294 733 1346 786 140

368 804 456 864 Ocius
477 805 512 864 ad
534 804 649 863 navem!
675 805 745 864 nihil
769 805 880 878 obstat,
904 805 970 880 quin
992 804 1073 862 trabe
1097 814 1178 865 vasta

328 936 334 950 ,
367 889 517 964 Aegaeum
539 887 653 966 rapias,
675 889 730 946 nisi
750 888 856 946 sollers
877 885 999 946 Luxuria
1025 897 1090 947 ante

367 972 524 1033 Seductum
547 979 674 1030 moneat:
704 969 768 1043 Quo
794 969 913 1043 deinde,
937 969 1051 1045 insane,
1076 969 1155 1029 ruis?
1177 970 1260 1049 quol

368 1054 442 1128 Quid
465 1054 516 1113 tibi
538 1051 601 1114 vis?
624 1051 717 1113 calido
739 1052 792 1111 sub
814 1060 936 1129 pectore
957 1053 1084 1112 mascula
1106 1053 1172 1114 bilis

366 1138 514 1211 Intumuit,
538 1156 621 1215 quam
643 1153 700 1194 non
722 1136 893 1194 exstinxerit
914 1152 984 1194 urna
1007 1133 1140 1195 cicutae?
1295 1148 1344 1201 115

367 1211 435 1280 Tun'
457 1238 535 1278 mare
557 1216 718 1279 transilias?
741 1218 791 1277 tibi
813 1226 887 1277 torta
911 1217 1038 1277 cannabe
1061 1218 1132 1277 fulto
1219 1241 1221 1245 ⁴

366 1303 465 1364 Coena
488 1304 574 1361 sitin
598 1310 739 1376 transtro,
761 1300 1008 1378 Veientanumque
1031 1301 1173 1363 rubellum

366 1386 491 1446 Exhalet
511 1386 614 1463 vapida
636 1384 747 1443 laesum
769 1385 836 1462 pice
858 1384 970 1442 sessilis
992 1381 1089 1443 obbal

367 1469 442 1544 Quid
465 1467 562 1547 petis?
584 1477 615 1527 ut
636 1484 782 1541 nummos,
807 1483 880 1544 quos
902 1466 949 1525 hic
971 1469 1132 1545 quincunce
1155 1469 1288 1531 modesto

366 1553 533 1627 Nutrieras,
556 1559 697 1629 peragant
718 1550 802 1610 avido
826 1549 932 1609 sudore
956 1549 1104 1610 deuncesl
1293 1565 1344 1618 150

366 1633 488 1710 Indulge
508 1636 613 1710 genio,
640 1651 790 1711 carpamus
813 1632 920 1692 dulcia!
945 1642 1073 1693 nostrum
1096 1646 1140 1695 est

368 1717 452 1792 Quod
473 1719 562 1784 vivis;
586 1718 657 1776 cinis
680 1727 708 1776 et
729 1734 828 1776 rnanes
851 1725 880 1775 et
902 1715 998 1776 sabula
1020 1718 1082 1777 lies.

367 1801 441 1861 Vive
460 1817 570 1860 mernor
585 1799 652 1859 leti!
670 1800 742 1876 sugit
759 1799 844 1867 hora;
865 1799 920 1859 hoc
942 1800 1019 1877 quod
1038 1801 1143 1878 loquor
1162 1803 1226 1863 inde
1240 1813 1344 1862 est.-

367 1884 411 1944 lln
432 1884 499 1962 quid
521 1881 606 1960 agis?
631 1882 736 1961 duplici
759 1884 787 1942 in
807 1883 951 1943 diversum
974 1885 1113 1943 scindaris
1138 1886 1230 1944 hamo.

366 1967 529 2043 Hunccine,
553 1986 588 2026 an
610 1967 685 2026 hunc
707 1964 860 2043 sequeris?
884 1966 989 2026 subeas
1011 1967 1138 2027 alternus
1162 1978 1277 2047 oportet
1295 1982 1344 2032 155

347 2051 494 2128 ‘Ancipiti
518 2051 659 2128 obsequio
684 2050 830 2125 dominos,
853 2049 979 2110 alternus
1002 2050 1134 2112 oberres.

368 2134 431 2194 Nec
451 2143 497 2210 tu,
525 2153 610 2212 quum
636 2133 783 2192 obstiteris
806 2133 898 2192 semel
920 2134 1093 2212 instantique
1116 2139 1231 2214 negaris

368 2218 474 2278 Parere
496 2219 635 2296 imperio,
663 2220 735 2293 rupi
754 2220 816 2279 ium
835 2219 974 2291 vinculo,
998 2217 1092 2287 dicas;

367 2301 439 2360 Naro
462 2310 491 2361 et
514 2302 620 2362 luctata
643 2303 722 2361 canis
744 2303 848 2361 nodum
869 2300 988 2379 abripit;
1010 2310 1055 2361 ast
1077 2312 1170 2363 tamen
1193 2305 1249 2378 illi,

369 2384 462 2457 Quum
484 2385 573 2462 fugit,
596 2403 612 2444 a
638 2385 716 2444 collo
737 2386 856 2445 trahitur
877 2402 944 2461 pars
967 2384 1054 2461 longa
1077 2396 1262 2446 catenae-
1295 2400 1345 2452 160

368 2469 468 2536 Dave,
495 2471 569 2543 cito,
592 2467 649 2528 boc
670 2470 773 2528 credas
794 2468 897 2543 iubeo,
922 2468 1003 2541 linire
1026 2469 1144 2528 dolores

368 2550 543 2610 Praeteritos
565 2551 742 2609 meditor-
766 2553 882 2611 crudum
904 2549 1124 2611 Chaerestratus
1147 2570 1270 2628 unguem

370 2633 522 2692 hdrodens
544 2635 583 2692 ait
604 2633 730 2693 haec-
751 2653 786 2694 an
808 2635 895 2693 siccis
918 2635 1044 2694 dedecus
1067 2633 1180 2695 obstem

371 2714 531 2793 Cognatis?
554 2735 589 2776 an
610 2735 672 2777 rem
693 2720 813 2796 patriam
836 2735 950 2777 rumore
975 2718 1090 2777 sinistro

368 2799 467 2859 Limen
489 2801 524 2860 ad
546 2801 704 2861 obscenum
725 2802 869 2878 frangam,
894 2803 959 2861 dura
981 2798 1129 2874 Chrysidis
1153 2803 1223 2862 udas
1296 2815 1343 2867 165

368 2880 474 2942 Ebrius
495 2893 560 2944 ante
582 2885 662 2944 fores
685 2887 828 2945 exstincta
852 2901 914 2943 curn
936 2885 1001 2944 lace
1024 2883 1183 2945 cantol—

370 2965 468 3044 E'uge,
491 2986 581 3046 puer,
605 2969 717 3047 sapias,
742 2969 785 3028 dis
807 2966 1019 3045 depellentibus
1042 2985 1143 3046 agnam

370 3049 503 3110 Percute.
516 3084 558 3096 —-
578 3052 637 3112 Sed
660 3052 777 3111 censen’
800 3051 941 3129 plorabit,
965 3048 1063 3126 Dave,
1084 3048 1209 3112 relicta?
1224 3081 1264 3090 —

369 3132 508 3210 Nogaris;
537 3135 635 3209 solea,
661 3153 750 3213 puer,
775 3133 968 3212 obiurgabere
991 3132 1086 3194 rubra.

369 3215 414 3275 Ne
436 3217 582 3296 trepidare
604 3218 679 3277 veho
698 3227 784 3296 atque
807 3229 887 3278 artos
907 3217 1014 3276 rodere
1038 3218 1151 3277 casses!
1294 3226 1342 3278 170

370 3298 451 3359 Nunc
471 3300 550 3360 ierus
573 3311 601 3361 et
618 3300 745 3367 violens;
769 3311 798 3361 at
816 3303 840 3360 si
863 3309 967 3375 vocet,
988 3301 1073 3360 houd
1091 3318 1185 3372 moro,
1206 3297 1343 3356 dicas-

371 3383 510 3455 Quidnam
532 3385 619 3459 igitur
639 3382 763 3444 iaciant?
785 3403 840 3444 neo
858 3403 947 3458 nunc,
967 3401 1051 3461 quum
1069 3399 1205 3440 accersor
1223 3390 1251 3439 et
1268 3383 1341 3440 ultro

371 3466 538 3542 Supplicet,
561 3465 720 3527 accedant?
737 3499 777 3514 -
798 3469 828 3527 Si
853 3476 929 3527 totus
953 3475 981 3524 et
1004 3467 1117 3540 integer
1138 3464 1217 3522 illinc
1372 3539 1373 3543 Ἰ

370 3545 503 3623 Exieras,
526 3568 582 3609 nec
601 3568 684 3610 nunc.
698 3585 739 3598 -
760 3549 828 3625 llic,
850 3550 907 3625 hio,
927 3568 1011 3627 quern
1031 3547 1202 3625 quaerimus,
1222 3549 1268 3608 hic
1287 3558 1340 3618 est,

371 3629 436 3689 Non
459 3631 487 3688 in
511 3632 638 3707 festuca,
660 3634 746 3693 lictor
770 3651 854 3711 quam
877 3636 964 3693 iactat
991 3634 1114 3709 ineptus.
1293 3642 1341 3695 115

371 3713 420 3773 lus
441 3712 528 3774 babet
550 3714 600 3773 ille
622 3719 665 3775 sui
686 3717 792 3795 palpo,
817 3735 900 3794 quem
921 3715 996 3775 ducit
1018 3716 1139 3775 hiantem
