3267 4409
283 265 1357 357 τ,

327 583 393 633 vm
723 578 931 628 PRAEFATIO.

327 758 441 820 pancos
463 739 578 799 clarum
600 740 738 800 certatim
759 749 880 802 veteres
895 740 1036 801 laudibus
1051 742 1112 801 suis
1129 739 1312 814 extulerunt,

329 823 369 883 cf.
392 821 519 899 Quintil.
539 823 582 882 X.
605 823 632 882 1.
656 821 724 897 102,
745 825 826 884 Plin.
843 826 941 904 Epist.
959 826 984 883 Ι.
1011 824 1059 884 13.
1081 826 1109 897 7,
1132 826 1208 885 Tac.
1230 825 1312 884 Ann.

327 906 417 966 XIV.
440 904 479 973 19
497 914 565 978 etc,
581 907 758 987 eidemque,
774 921 808 967 ut
822 908 952 981 videtur,
968 909 1062 968 Plotii
1083 909 1214 968 Macrini
1235 910 1312 969 noti·

266 1017 268 1021 ¹
327 991 401 1050 tiam
416 989 535 1064 debuit,
549 993 665 1049 bomim's
677 1009 747 1049 sane
759 996 867 1063 eruditi,
879 1000 914 1050 ut
928 991 1118 1051 Scholiastae
1130 992 1234 1052 verbis
1245 1001 1314 1051 utar

329 1073 371 1132 ad
396 1071 460 1132 Sat.
487 1073 530 1133 Π.
550 1074 682 1146 initium,
707 1094 786 1153 quae
811 1076 906 1135 satira
928 1075 987 1153 ipsi
1012 1076 1148 1134 Macrino
1171 1074 1314 1135 dedicata

330 1165 386 1230 est,
398 1161 569 1232 patema'que
581 1175 611 1216 sc
626 1161 728 1231 affectu
742 1161 882 1232 diliyeatr's,
896 1163 944 1232 qut
953 1163 980 1216 ia
996 1162 1073 1217 doma
1088 1161 1197 1218 Seruilii
1211 1162 1314 1219 didice-

330 1250 390 1313 rat,
410 1260 428 1297 a
443 1259 497 1315 quo
511 1244 629 1314 opellam
648 1252 861 1314 comparaverat
873 1245 975 1299 indulto
993 1244 1045 1299 aar·
1054 1247 1144 1315 pretio
1164 1246 1313 1316 aliquanto.

329 1323 497 1383 Praeterea
517 1329 639 1399 cognouit
655 1342 710 1397 per
729 1328 876 1384 Cornutum
899 1329 978 1383 ettam
998 1328 1149 1399 Annaeum,
1161 1325 1314 1398 lucabum,

329 1406 510 1466 Pharsaliae
536 1408 714 1486 scriptorem
736 1409 940 1482 notissimum,
968 1426 1133 1483 aequaevum
1161 1412 1315 1468 auditorem

331 1494 445 1550 Cornuti
450 1516 459 1556 ‚·
474 1495 526 1550 sed
541 1491 678 1570 quamvis
694 1511 807 1571 suppar
822 1500 923 1550 aetate
938 1493 1077 1565 Lucanus,
1092 1511 1183 1570 quem
1197 1513 1228 1571 p.
1242 1491 1314 1552 Ohr.

330 1593 360 1633 a.
376 1572 416 1634 38
431 1582 534 1633 natum
554 1575 649 1634 fuisse
673 1583 804 1648 constat,
826 1578 894 1633 adeo
915 1578 1067 1632 mirabatur
1084 1580 1190 1650 scripta
1206 1579 1314 1650 Flacci,

329 1663 364 1715 ut
379 1689 421 1700 —
436 1658 463 1716 si
478 1665 563 1716 recte
577 1657 733 1717 Prellerus
749 1660 769 1718 l.
791 1678 816 1717 c.
837 1659 1027 1736 ¹grammatici
1043 1658 1138 1717 verba
1161 1678 1201 1717 ex
1222 1659 1314 1720 libro·

330 1759 396 1799 rum
411 1741 549 1816 vestigiis
568 1742 698 1800 restituit
717 1775 760 1785 -
777 1747 826 1801 m'cc
843 1748 971 1800 retineret
992 1759 1022 1800 se
1042 1747 1200 1806 recitantem
1217 1763 1236 1800 a
1254 1748 1314 1802 cia-

330 1841 421 1895 mare,
435 1829 500 1897 quia
515 1827 563 1881 ilia
577 1841 637 1882 esse
650 1842 718 1884 aera
727 1846 733 1855 ·
734 1831 865 1899 poemata
883 1829 996 1898 diceret,
1011 1844 1064 1884 sua
1082 1830 1142 1898 ipse
1160 1829 1318 1900 ludificaret

332 1906 397 1986 (vel
410 1925 475 1965 suos
490 1927 532 1966 sc.
547 1927 655 1966 versus
672 1912 749 1967 ludar
762 1906 892 1986 faceret).
920 1910 988 1966 Sero
1001 1915 1123 1984 copaooit
1136 1917 1163 1967 et
1173 1910 1315 1982 Senecam,

330 1995 381 2050 ted
400 2010 456 2049 aaa
475 2000 505 2049 ut
522 2001 667 2065 caperetur
685 1988 748 2070 esur
761 1997 881 2066 inperio,
904 1991 986 2071 quod
1006 2000 1040 2050 ut
1063 1993 1097 2051 in
1118 1990 1315 2053 adolescente

332 2074 455 2134 Stoicae
470 2083 572 2134 sectae
588 2083 618 2134 et
632 2075 699 2154 ipso
712 2075 815 2134 dedito
829 2076 936 2134 mirum
951 2074 1049 2135 videri
1062 2076 1173 2154 possit,
1188 2077 1315 2154 propius

332 2158 463 2217 intuenti
482 2177 624 2235 magnam
639 2160 892 2239 et-incorruptam
908 2159 998 2236 hujus
1022 2158 1137 2236 judicii·
1153 2160 1315 2218 sanitatem

332 2241 527 2321 approbabit,
542 2251 575 2301 ut
596 2242 648 2322 qui
660 2244 725 2323 jam
747 2252 810 2302 tum
827 2242 1029 2314 intellexerit,
1046 2242 1128 2321 quod
1143 2243 1259 2320 posteri
1276 2241 1315 2301 de

333 2325 454 2384 Seneca
465 2325 658 2402 judicarunt,
680 2328 711 2385 in
735 2326 855 2406 scriptis
877 2328 943 2403 ejus
963 2345 1014 2385 res
1034 2334 1126 2405 atqua
1148 2327 1315 2384 sententias

333 2417 385 2467 aut
406 2410 511 2488 inepto
534 2411 680 2490 inanique
696 2412 810 2489 impetu
826 2429 894 2469 esse
914 2418 968 2468 aut
984 2408 1092 2468 leviat
1114 2408 1202 2488 quasi
1217 2408 1315 2468 dicaci

333 2493 461 2569 argutia,
477 2491 676 2553 eruditionem
691 2503 792 2553 autem
802 2494 998 2553 vernaculam
1010 2501 1041 2551 et
1055 2492 1209 2570 plebejaru
1223 2492 1314 2550 nihil·

335 2595 394 2654 que
412 2595 452 2633 ex
472 2584 610 2635 veterum
629 2577 749 2655 scriptis
764 2576 927 2636 habentem
947 2595 1048 2656 neque
1070 2577 1188 2653 gratiae
1211 2594 1314 2654 neque

334 2658 499 2734 dignitatis,
516 2659 554 2716 cf.
572 2657 652 2718 Geli.
668 2660 707 2717 N.
725 2658 789 2717 Att.
800 2660 876 2717 XII.
893 2657 923 2718 2.
945 2660 1088 2739 Denique
1102 2676 1169 2718 aaut
1182 2667 1223 2716 est
1238 2662 1316 2733 apud

334 2744 481 2800 Cornutum
498 2744 614 2799 duorum
631 2748 753 2801 conuictu
778 2748 899 2802 uirorum
923 2750 949 2801 et
968 2746 1182 2802 doctissimorum
1205 2751 1233 2800 et
1249 2760 1315 2800 saa-

333 2827 514 2880 ctissimorum
525 2828 628 2881 acriter
639 2831 697 2881 tum
708 2825 973 2897 philosophantium,
990 2827 1097 2884 Claudii
1110 2827 1240 2899 Apatbiai
1255 2825 1312 2895 (ita

335 2907 415 2964 enim
430 2905 571 2965 Osa'nnus
586 2927 616 2986 p.
629 2924 710 2966 xvm
723 2906 868 2966 librorum
879 2905 1041 2967 lectionem
1051 2911 1214 2982 Acaturriai
1223 2907 1312 2966 docte

335 2988 520 3063 emendavit)
543 2992 641 3047 medici
664 2992 874 3048 lacedaemonii
885 2998 912 3047 et
920 2993 1044 3049 Petronii
1056 2994 1233 3049 matamorus
1247 2992 1310 3047 Ma·

331 3070 432 3140 aneta,
443 3084 510 3139 quos
523 3072 602 3128 unice
611 3073 726 3127 miratus
749 3077 790 3126 est
807 3078 835 3127 et
849 3073 1012 3136 aemulatus,
1024 3087 1105 3143 quum
1122 3071 1250 3142 aequales
1268 3085 1311 3126 es-

331 3152 520 3220 seutdomuti
533 3155 651 3208 minores
663 3151 753 3210 idest
768 3151 911 3231 discipuli
919 3161 945 3210 ct
959 3157 1022 3224 ipsi.
1037 3154 1114 3209 Idem
1125 3157 1204 3209 etiam
1219 3154 1312 3209 decem

330 3233 394 3305 fere
414 3249 502 3290 aumas
521 3250 624 3291 summe
643 3237 756 3292 dilectus
776 3255 794 3292 a
810 3238 895 3294 Paeto
918 3238 1044 3293 Thrasea
1061 3244 1113 3306 ert,
1135 3240 1173 3292 ita
1187 3243 1217 3292 at
1225 3252 1310 3308 pere·

330 3319 491 3389 prinaretur
505 3333 610 3390 quoque
621 3335 683 3374 cum
693 3336 724 3375 eo
735 3321 892 3393 aliquando,
907 3326 1049 3391 coauctam
1064 3321 1126 3392 ejus
1132 3321 1244 3376 Arriam
1259 3320 1296 3374 lta

332 3401 409 3456 beate
422 3416 547 3470 umorem,
563 3399 657 3458 filiam
677 3400 767 3474 illius,
789 3422 869 3481 quae
891 3401 996 3459 marito
1021 3401 1191 3479 exemplum
1205 3401 1310 3458 mortis

332 3481 421 3540 simul
436 3490 466 3540 et
480 3483 621 3541 solatium
634 3483 699 3555 fuit,
716 3485 754 3542 cf.
769 3484 849 3543 Plin.
867 3484 964 3562 Epist.
980 3483 1038 3542 III.
1057 3482 1092 3541 11
1110 3492 1140 3543 et
1157 3482 1195 3544 16
1210 3481 1310 3563 deque

331 3566 398 3642 ipso
421 3565 560 3625 Thrasea
585 3576 707 3644 praeter
731 3567 807 3626 alios
835 3568 943 3626 multos
967 3566 1112 3626 Wexium
1139 3567 1179 3626 ad
1206 3567 1309 3628 Tacit.

331 3646 436 3723 Agric.
451 3667 482 3725 p.
497 3646 557 3707 210
573 3657 603 3708 et
620 3648 756 3709 Schmidt
771 3649 882 3710 Gasch.
899 3648 928 3706 d.
943 3649 1049 3709 Denk·
1061 3649 1124 3709 und
1138 3650 1308 3711 Glaubeus·

332 3728 456 3788 freiheit
469 3730 511 3789 im
531 3740 632 3790 ersten
653 3733 761 3792 Jahrh.
777 3754 808 3811 p.
833 3730 894 3792 352
910 3751 983 3811 sqq.

395 3811 484 3873 Haec
498 3814 645 3875 hactonus
664 3815 703 3877 de
717 3815 926 3877 adolescentia
939 3814 1039 3876 Persii
1055 3823 1085 3875 et
1100 3814 1310 3890 familiaribus,
