<?xml version="1.0" encoding="UTF-8"?>
<!DOCTYPE html PUBLIC "-//W3C//DTD XHTML 1.0 Transitional//EN"
    "http://www.w3.org/TR/xhtml1/DTD/xhtml1-transitional.dtd">
<html xmlns="http://www.w3.org/1999/xhtml" xml:lang="en" lang="en">
 <head>
  <title>
</title>
<meta http-equiv="Content-Type" content="text/html;charset=utf-8" />
  <meta name='ocr-system' content='tesseract 3.04.00' />
  <meta name='ocr-capabilities' content='ocr_page ocr_carea ocr_par ocr_line ocrx_word'/>
</head>
<body>
  <div class='ocr_page' id='page_1' title='image "./mvalmartialisep00martgoog_0459.png"; bbox 0 0 3267 4409; ppageno 0'>
   <div class='ocr_carea' id='block_1_1' title="bbox 380 471 1039 532">
    <p class='ocr_par' dir='ltr' id='par_1_1' title="bbox 380 471 1039 532">
     <span class='ocr_line' id='line_1_1' title="bbox 380 471 1039 532; baseline -0.008 0"><span class='ocrx_word' id='word_1_1' title='bbox 380 471 418 532; x_wconf 77' lang='lat'>14</span> <span class='ocrx_word' id='word_1_2' title='bbox 700 480 735 528; x_wconf 86' lang='lat' dir='ltr'>n.</span> <span class='ocrx_word' id='word_1_3' title='bbox 758 478 830 528; x_wconf 83' lang='lat' dir='ltr'>run.</span> <span class='ocrx_word' id='word_1_4' title='bbox 853 478 1039 527; x_wconf 79' lang='lat' dir='ltr'>mvnnnms</span> 
     </span>
    </p>
   </div>
   <div class='ocr_carea' id='block_1_2' title="bbox 363 620 1369 3808">
    <p class='ocr_par' dir='ltr' id='par_1_2' title="bbox 378 620 1149 703">
     <span class='ocr_line' id='line_1_2' title="bbox 378 620 1149 703; baseline -0.008 -19"><span class='ocrx_word' id='word_1_5' title='bbox 378 622 516 703; x_wconf 81' lang='lat' dir='ltr'><strong>Pauperis</strong></span> <span class='ocrx_word' id='word_1_6' title='bbox 538 620 586 681; x_wconf 92' lang='lat' dir='ltr'>bic</span> <span class='ocrx_word' id='word_1_7' title='bbox 606 620 754 697; x_wconf 89' lang='lat' dir='ltr'>meritum,</span> <span class='ocrx_word' id='word_1_8' title='bbox 774 622 799 680; x_wconf 94' lang='lat' dir='ltr'>si</span> <span class='ocrx_word' id='word_1_9' title='bbox 822 628 903 679; x_wconf 90' lang='lat' dir='ltr'>curet</span> <span class='ocrx_word' id='word_1_10' title='bbox 924 628 1010 679; x_wconf 91' lang='lat' dir='ltr'>nocte</span> <span class='ocrx_word' id='word_1_11' title='bbox 1031 626 1149 694; x_wconf 83' lang='lat' dir='ltr'>togatus</span> 
     </span>
    </p>

    <p class='ocr_par' dir='ltr' id='par_1_3' title="bbox 377 702 1184 868">
     <span class='ocr_line' id='line_1_3' title="bbox 378 702 1184 783; baseline -0.005 -16"><span class='ocrx_word' id='word_1_12' title='bbox 378 704 520 783; x_wconf 82' lang='lat' dir='ltr'>Currere,</span> <span class='ocrx_word' id='word_1_13' title='bbox 542 723 627 782; x_wconf 90' lang='lat' dir='ltr'>quum</span> <span class='ocrx_word' id='word_1_14' title='bbox 647 713 767 782; x_wconf 89' lang='lat' dir='ltr'>praetor</span> <span class='ocrx_word' id='word_1_15' title='bbox 787 703 921 764; x_wconf 90' lang='lat' dir='ltr'>lictorem</span> <span class='ocrx_word' id='word_1_16' title='bbox 941 702 1071 781; x_wconf 86' lang='lat' dir='ltr'>impellet</span> <span class='ocrx_word' id='word_1_17' title='bbox 1091 711 1121 762; x_wconf 93' lang='lat' dir='ltr'>et</span> <span class='ocrx_word' id='word_1_18' title='bbox 1140 704 1184 763; x_wconf 94' lang='lat' dir='ltr'>ire</span> 
     </span>
     <span class='ocr_line' id='line_1_4' title="bbox 377 786 1152 868; baseline -0.008 -16"><span class='ocrx_word' id='word_1_19' title='bbox 377 791 569 868; x_wconf 80' lang='lat' dir='ltr'>Praecipitem</span> <span class='ocrx_word' id='word_1_20' title='bbox 591 788 707 864; x_wconf 89' lang='lat' dir='ltr'>iubeat,</span> <span class='ocrx_word' id='word_1_21' title='bbox 729 789 834 849; x_wconf 91' lang='lat' dir='ltr'>dudum</span> <span class='ocrx_word' id='word_1_22' title='bbox 853 787 1039 865; x_wconf 80' lang='lat' dir='ltr'>vigilantibus</span> <span class='ocrx_word' id='word_1_23' title='bbox 1061 786 1152 864; x_wconf 92' lang='lat' dir='ltr'>orbis,</span> 
     </span>
    </p>

    <p class='ocr_par' dir='ltr' id='par_1_4' title="bbox 375 869 1369 1033">
     <span class='ocr_line' id='line_1_5' title="bbox 375 869 1369 952; baseline -0.004 -16"><span class='ocrx_word' id='word_1_24' title='bbox 375 875 421 936; x_wconf 91' lang='lat' dir='ltr'>Ne</span> <span class='ocrx_word' id='word_1_25' title='bbox 443 876 524 952; x_wconf 85' lang='lat' dir='ltr'>prior</span> <span class='ocrx_word' id='word_1_26' title='bbox 545 872 678 932; x_wconf 80' lang='lat' dir='ltr'><strong>Albinam</strong></span> <span class='ocrx_word' id='word_1_27' title='bbox 702 881 731 932; x_wconf 93' lang='lat' dir='ltr'>et</span> <span class='ocrx_word' id='word_1_28' title='bbox 754 871 879 933; x_wconf 82' lang='lat' dir='ltr'>Modiam</span> <span class='ocrx_word' id='word_1_29' title='bbox 902 872 1019 948; x_wconf 84' lang='lat' dir='ltr'>collega</span> <span class='ocrx_word' id='word_1_30' title='bbox 1042 869 1170 932; x_wconf 77' lang='lat' dir='ltr'>salutet?</span> <span class='ocrx_word' id='word_1_31' title='bbox 1320 884 1369 939; x_wconf 77' lang='lat'>130</span> 
     </span>
     <span class='ocr_line' id='line_1_6' title="bbox 375 955 1084 1033; baseline -0.007 -15"><span class='ocrx_word' id='word_1_32' title='bbox 375 959 479 1019; x_wconf 87' lang='lat' dir='ltr'>Divitis</span> <span class='ocrx_word' id='word_1_33' title='bbox 501 957 548 1018; x_wconf 87' lang='lat' dir='ltr'>bic</span> <span class='ocrx_word' id='word_1_34' title='bbox 570 958 649 1016; x_wconf 89' lang='lat' dir='ltr'>servi</span> <span class='ocrx_word' id='word_1_35' title='bbox 672 955 779 1024; x_wconf 82' lang='lat' dir='ltr'>claudit</span> <span class='ocrx_word' id='word_1_36' title='bbox 799 957 874 1016; x_wconf 88' lang='lat' dir='ltr'>latus</span> <span class='ocrx_word' id='word_1_37' title='bbox 896 956 1084 1033; x_wconf 84' lang='lat' dir='ltr'>ingenuorum</span> 
     </span>
    </p>

    <p class='ocr_par' dir='ltr' id='par_1_5' title="bbox 375 1038 1171 1205">
     <span class='ocr_line' id='line_1_7' title="bbox 376 1038 1171 1118; baseline -0.003 -15"><span class='ocrx_word' id='word_1_38' title='bbox 376 1041 482 1111; x_wconf 67' lang='lat' dir='ltr'>Filium</span> <span class='ocrx_word' id='word_1_39' title='bbox 507 1041 582 1102; x_wconf 86' lang='lat' dir='ltr'>altar</span> <span class='ocrx_word' id='word_1_40' title='bbox 604 1040 853 1118; x_wconf 88' lang='lat' dir='ltr'>enim,&#39;quantum</span> <span class='ocrx_word' id='word_1_41' title='bbox 875 1041 903 1099; x_wconf 92' lang='lat' dir='ltr'>in</span> <span class='ocrx_word' id='word_1_42' title='bbox 928 1041 1044 1117; x_wconf 73' lang='lat' dir='ltr'>legione</span> <span class='ocrx_word' id='word_1_43' title='bbox 1065 1038 1171 1101; x_wconf 89' lang='lat' dir='ltr'>tribuni</span> 
     </span>
     <span class='ocr_line' id='line_1_8' title="bbox 375 1122 1062 1205; baseline -0.007 -18"><span class='ocrx_word' id='word_1_44' title='bbox 375 1127 549 1205; x_wconf 79' lang='lat' dir='ltr'>Accipiunt,</span> <span class='ocrx_word' id='word_1_45' title='bbox 573 1125 660 1184; x_wconf 90' lang='lat' dir='ltr'>donat</span> <span class='ocrx_word' id='word_1_46' title='bbox 683 1122 889 1184; x_wconf 80' lang='lat' dir='ltr'>Calvinae-uel</span> <span class='ocrx_word' id='word_1_47' title='bbox 912 1122 1062 1198; x_wconf 78' lang='lat' dir='ltr'>Catienae,</span> 
     </span>
    </p>

    <p class='ocr_par' dir='ltr' id='par_1_6' title="bbox 375 1207 1239 1292">
     <span class='ocr_line' id='line_1_9' title="bbox 375 1207 1239 1292; baseline 0 -22"><span class='ocrx_word' id='word_1_48' title='bbox 375 1211 413 1271; x_wconf 93' lang='lat' dir='ltr'>Ut</span> <span class='ocrx_word' id='word_1_49' title='bbox 432 1209 525 1283; x_wconf 89' lang='lat' dir='ltr'>semel</span> <span class='ocrx_word' id='word_1_50' title='bbox 559 1220 607 1270; x_wconf 89' lang='lat' dir='ltr'>aut</span> <span class='ocrx_word' id='word_1_51' title='bbox 639 1211 743 1270; x_wconf 88' lang='lat' dir='ltr'>iterum</span> <span class='ocrx_word' id='word_1_52' title='bbox 775 1226 864 1288; x_wconf 90' lang='lat' dir='ltr'>super</span> <span class='ocrx_word' id='word_1_53' title='bbox 884 1208 963 1267; x_wconf 91' lang='lat' dir='ltr'>illam</span> <span class='ocrx_word' id='word_1_54' title='bbox 985 1207 1122 1292; x_wconf 84' lang='lat' dir='ltr'>palpitet:</span> <span class='ocrx_word' id='word_1_55' title='bbox 1144 1218 1172 1269; x_wconf 87' lang='lat' dir='ltr'>at</span> <span class='ocrx_word' id='word_1_56' title='bbox 1193 1217 1239 1289; x_wconf 87' lang='lat' dir='ltr'>tu,</span> 
     </span>
    </p>

    <p class='ocr_par' dir='ltr' id='par_1_7' title="bbox 375 1292 1368 1439">
     <span class='ocr_line' id='line_1_10' title="bbox 377 1292 1368 1370; baseline -0.001 -17"><span class='ocrx_word' id='word_1_57' title='bbox 377 1294 470 1368; x_wconf 83' lang='lat' dir='ltr'>Quum</span> <span class='ocrx_word' id='word_1_58' title='bbox 491 1294 543 1353; x_wconf 92' lang='lat' dir='ltr'>tibi</span> <span class='ocrx_word' id='word_1_59' title='bbox 560 1294 658 1352; x_wconf 84' lang='lat' dir='ltr'>vestiti</span> <span class='ocrx_word' id='word_1_60' title='bbox 678 1293 770 1353; x_wconf 88' lang='lat' dir='ltr'>facies</span> <span class='ocrx_word' id='word_1_61' title='bbox 793 1294 883 1352; x_wconf 86' lang='lat' dir='ltr'>sconti</span> <span class='ocrx_word' id='word_1_62' title='bbox 901 1292 1017 1370; x_wconf 91' lang='lat' dir='ltr'>placet,</span> <span class='ocrx_word' id='word_1_63' title='bbox 1040 1292 1146 1352; x_wconf 81' lang='lat' dir='ltr'>haeres</span> <span class='ocrx_word' id='word_1_64' title='bbox 1319 1306 1368 1361; x_wconf 66' lang='lat'>135</span> 
     </span>
     <span class='ocr_line' id='line_1_11' title="bbox 375 1372 1057 1439; baseline -0.007 0"><span class='ocrx_word' id='word_1_65' title='bbox 375 1378 413 1439; x_wconf 88' lang='lat' dir='ltr'>Et</span> <span class='ocrx_word' id='word_1_66' title='bbox 434 1378 548 1438; x_wconf 91' lang='lat' dir='ltr'>dubitas</span> <span class='ocrx_word' id='word_1_67' title='bbox 570 1377 628 1436; x_wconf 88' lang='lat' dir='ltr'>alta</span> <span class='ocrx_word' id='word_1_68' title='bbox 650 1372 782 1437; x_wconf 82' lang='lat' dir='ltr'>Chionen</span> <span class='ocrx_word' id='word_1_69' title='bbox 804 1376 952 1437; x_wconf 81' lang='lat' dir='ltr'>deducere</span> <span class='ocrx_word' id='word_1_70' title='bbox 974 1376 1057 1436; x_wconf 91' lang='lat' dir='ltr'>sella.</span> 
     </span>
    </p>

    <p class='ocr_par' dir='ltr' id='par_1_8' title="bbox 375 1459 1230 1623">
     <span class='ocr_line' id='line_1_12' title="bbox 375 1459 1230 1541; baseline -0.001 -20"><span class='ocrx_word' id='word_1_71' title='bbox 375 1462 421 1522; x_wconf 89' lang='lat' dir='ltr'>Da</span> <span class='ocrx_word' id='word_1_72' title='bbox 443 1470 548 1521; x_wconf 91' lang='lat' dir='ltr'>testem</span> <span class='ocrx_word' id='word_1_73' title='bbox 564 1460 673 1520; x_wconf 86' lang='lat' dir='ltr'>Romae</span> <span class='ocrx_word' id='word_1_74' title='bbox 690 1469 747 1520; x_wconf 88' lang='lat' dir='ltr'>tam</span> <span class='ocrx_word' id='word_1_75' title='bbox 768 1470 915 1536; x_wconf 87' lang='lat' dir='ltr'>sanctum,</span> <span class='ocrx_word' id='word_1_76' title='bbox 938 1478 1022 1538; x_wconf 89' lang='lat' dir='ltr'>quam</span> <span class='ocrx_word' id='word_1_77' title='bbox 1043 1461 1096 1520; x_wconf 89' lang='lat' dir='ltr'>luit</span> <span class='ocrx_word' id='word_1_78' title='bbox 1117 1459 1230 1541; x_wconf 86' lang='lat' dir='ltr'>hospes</span> 
     </span>
     <span class='ocr_line' id='line_1_13' title="bbox 375 1543 1110 1623; baseline -0.004 -17"><span class='ocrx_word' id='word_1_79' title='bbox 375 1546 505 1606; x_wconf 87' lang='lat' dir='ltr'>Numinis</span> <span class='ocrx_word' id='word_1_80' title='bbox 528 1544 624 1619; x_wconf 90' lang='lat' dir='ltr'>ldaei,</span> <span class='ocrx_word' id='word_1_81' title='bbox 647 1545 788 1623; x_wconf 87' lang='lat' dir='ltr'>procedat</span> <span class='ocrx_word' id='word_1_82' title='bbox 808 1545 859 1604; x_wconf 91' lang='lat' dir='ltr'>vel</span> <span class='ocrx_word' id='word_1_83' title='bbox 878 1543 968 1604; x_wconf 87' lang='lat' dir='ltr'>Numa</span> <span class='ocrx_word' id='word_1_84' title='bbox 989 1544 1038 1603; x_wconf 90' lang='lat' dir='ltr'>vol</span> <span class='ocrx_word' id='word_1_85' title='bbox 1062 1546 1110 1623; x_wconf 85' lang='lat' dir='ltr'>qui</span> 
     </span>
    </p>

    <p class='ocr_par' dir='ltr' id='par_1_9' title="bbox 377 1627 1169 1707">
     <span class='ocr_line' id='line_1_14' title="bbox 377 1627 1169 1707; baseline -0.003 -17"><span class='ocrx_word' id='word_1_86' title='bbox 377 1630 511 1690; x_wconf 87' lang='lat' dir='ltr'>Servavit</span> <span class='ocrx_word' id='word_1_87' title='bbox 530 1628 671 1707; x_wconf 87' lang='lat' dir='ltr'>trepidam</span> <span class='ocrx_word' id='word_1_88' title='bbox 692 1629 824 1706; x_wconf 79' lang='lat' dir='ltr'>flagranti</span> <span class='ocrx_word' id='word_1_89' title='bbox 843 1647 881 1687; x_wconf 86' lang='lat' dir='ltr'>ex</span> <span class='ocrx_word' id='word_1_90' title='bbox 901 1628 974 1688; x_wconf 89' lang='lat' dir='ltr'>aede</span> <span class='ocrx_word' id='word_1_91' title='bbox 997 1627 1169 1688; x_wconf 85' lang='lat' dir='ltr'>Minervam:</span> 
     </span>
    </p>

    <p class='ocr_par' dir='ltr' id='par_1_10' title="bbox 376 1712 1367 1879">
     <span class='ocr_line' id='line_1_15' title="bbox 376 1712 1367 1781; baseline -0.003 -6"><span class='ocrx_word' id='word_1_92' title='bbox 376 1714 509 1775; x_wconf 80' lang='lat' dir='ltr'>Protinus</span> <span class='ocrx_word' id='word_1_93' title='bbox 531 1712 567 1772; x_wconf 92' lang='lat' dir='ltr'>ad</span> <span class='ocrx_word' id='word_1_94' title='bbox 588 1729 719 1781; x_wconf 91' lang='lat' dir='ltr'>censum;</span> <span class='ocrx_word' id='word_1_95' title='bbox 744 1713 780 1772; x_wconf 93' lang='lat' dir='ltr'>de</span> <span class='ocrx_word' id='word_1_96' title='bbox 802 1712 931 1772; x_wconf 90' lang='lat' dir='ltr'>moribus</span> <span class='ocrx_word' id='word_1_97' title='bbox 953 1712 1051 1772; x_wconf 89' lang='lat' dir='ltr'>ultima</span> <span class='ocrx_word' id='word_1_98' title='bbox 1073 1713 1124 1772; x_wconf 87' lang='lat' dir='ltr'>liet</span> <span class='ocrx_word' id='word_1_99' title='bbox 1321 1726 1367 1781; x_wconf 77' lang='lat' dir='ltr'>lto</span> 
     </span>
     <span class='ocr_line' id='line_1_16' title="bbox 377 1794 1208 1879; baseline 0 -23"><span class='ocrx_word' id='word_1_100' title='bbox 377 1798 532 1872; x_wconf 83' lang='lat' dir='ltr'>Quaestio:</span> <span class='ocrx_word' id='word_1_101' title='bbox 557 1804 627 1874; x_wconf 89' lang='lat' dir='ltr'>quot</span> <span class='ocrx_word' id='word_1_102' title='bbox 644 1798 736 1879; x_wconf 80' lang='lat' dir='ltr'>pascit</span> <span class='ocrx_word' id='word_1_103' title='bbox 759 1794 883 1855; x_wconf 83' lang='lat' dir='ltr'>servos?</span> <span class='ocrx_word' id='word_1_104' title='bbox 902 1805 972 1874; x_wconf 88' lang='lat' dir='ltr'>quot</span> <span class='ocrx_word' id='word_1_105' title='bbox 992 1797 1123 1875; x_wconf 85' lang='lat' dir='ltr'>possidet</span> <span class='ocrx_word' id='word_1_106' title='bbox 1143 1799 1208 1873; x_wconf 76' lang='lat' dir='ltr'>agri</span> 
     </span>
    </p>

    <p class='ocr_par' dir='ltr' id='par_1_11' title="bbox 374 1878 1230 2044">
     <span class='ocr_line' id='line_1_17' title="bbox 374 1878 1230 1959; baseline -0.001 -17"><span class='ocrx_word' id='word_1_107' title='bbox 374 1878 502 1958; x_wconf 82' lang='lat' dir='ltr'>Iugera?</span> <span class='ocrx_word' id='word_1_108' title='bbox 524 1899 608 1958; x_wconf 90' lang='lat' dir='ltr'>quam</span> <span class='ocrx_word' id='word_1_109' title='bbox 627 1881 715 1940; x_wconf 92' lang='lat' dir='ltr'>multa</span> <span class='ocrx_word' id='word_1_110' title='bbox 735 1897 897 1959; x_wconf 81' lang='lat' dir='ltr'>magnaque</span> <span class='ocrx_word' id='word_1_111' title='bbox 920 1880 1078 1959; x_wconf 90' lang='lat' dir='ltr'>paropside</span> <span class='ocrx_word' id='word_1_112' title='bbox 1101 1880 1230 1941; x_wconf 80' lang='lat' dir='ltr'>coenat?</span> 
     </span>
     <span class='ocr_line' id='line_1_18' title="bbox 376 1966 1209 2044; baseline 0.001 -20"><span class='ocrx_word' id='word_1_113' title='bbox 376 1966 518 2039; x_wconf 85' lang='lat' dir='ltr'>Quantum</span> <span class='ocrx_word' id='word_1_114' title='bbox 542 1966 665 2044; x_wconf 89' lang='lat' dir='ltr'>quisque</span> <span class='ocrx_word' id='word_1_115' title='bbox 689 1982 739 2024; x_wconf 90' lang='lat' dir='ltr'>sua</span> <span class='ocrx_word' id='word_1_116' title='bbox 762 1981 939 2024; x_wconf 88' lang='lat' dir='ltr'>nummorum</span> <span class='ocrx_word' id='word_1_117' title='bbox 961 1974 1059 2024; x_wconf 92' lang='lat' dir='ltr'>servat</span> <span class='ocrx_word' id='word_1_118' title='bbox 1077 1966 1106 2024; x_wconf 91' lang='lat' dir='ltr'>in</span> <span class='ocrx_word' id='word_1_119' title='bbox 1128 1982 1209 2041; x_wconf 90' lang='lat' dir='ltr'>arca,</span> 
     </span>
    </p>

    <p class='ocr_par' dir='ltr' id='par_1_12' title="bbox 376 2048 1250 2119">
     <span class='ocr_line' id='line_1_19' title="bbox 376 2048 1250 2119; baseline 0.002 -10"><span class='ocrx_word' id='word_1_120' title='bbox 376 2049 497 2109; x_wconf 84' lang='lat' dir='ltr'>&#39;lantum</span> <span class='ocrx_word' id='word_1_121' title='bbox 518 2048 606 2108; x_wconf 88' lang='lat' dir='ltr'>habet</span> <span class='ocrx_word' id='word_1_122' title='bbox 628 2059 657 2108; x_wconf 93' lang='lat' dir='ltr'>et</span> <span class='ocrx_word' id='word_1_123' title='bbox 677 2048 759 2119; x_wconf 66' lang='lat' dir='ltr'>fidem</span> <span class='ocrx_word' id='word_1_124' title='bbox 782 2050 861 2108; x_wconf 91' lang='lat' dir='ltr'>iures</span> <span class='ocrx_word' id='word_1_125' title='bbox 883 2049 954 2108; x_wconf 89' lang='lat' dir='ltr'>licet</span> <span class='ocrx_word' id='word_1_126' title='bbox 976 2057 1006 2108; x_wconf 92' lang='lat' dir='ltr'>et</span> <span class='ocrx_word' id='word_1_127' title='bbox 1026 2048 1250 2111; x_wconf 89' lang='lat' dir='ltr'>Samothracum</span> 
     </span>
    </p>

    <p class='ocr_par' dir='ltr' id='par_1_13' title="bbox 374 2132 1364 2294">
     <span class='ocr_line' id='line_1_20' title="bbox 374 2132 1364 2211; baseline 0 -18"><span class='ocrx_word' id='word_1_128' title='bbox 374 2132 412 2193; x_wconf 90' lang='lat' dir='ltr'>Et</span> <span class='ocrx_word' id='word_1_129' title='bbox 432 2142 595 2193; x_wconf 91' lang='lat' dir='ltr'>nostrorum</span> <span class='ocrx_word' id='word_1_130' title='bbox 617 2152 700 2209; x_wconf 92' lang='lat' dir='ltr'>aras,</span> <span class='ocrx_word' id='word_1_131' title='bbox 725 2142 912 2192; x_wconf 88' lang='lat' dir='ltr'>contemnere</span> <span class='ocrx_word' id='word_1_132' title='bbox 934 2132 1051 2199; x_wconf 89' lang='lat' dir='ltr'>fulmina</span> <span class='ocrx_word' id='word_1_133' title='bbox 1072 2150 1186 2211; x_wconf 85' lang='lat' dir='ltr'>pauper</span> <span class='ocrx_word' id='word_1_134' title='bbox 1321 2146 1364 2203; x_wconf 73' lang='lat'>145</span> 
     </span>
     <span class='ocr_line' id='line_1_21' title="bbox 376 2216 1132 2294; baseline -0.004 -17"><span class='ocrx_word' id='word_1_135' title='bbox 376 2216 511 2278; x_wconf 87' lang='lat' dir='ltr'>Creditur</span> <span class='ocrx_word' id='word_1_136' title='bbox 529 2226 615 2294; x_wconf 88' lang='lat' dir='ltr'>atque</span> <span class='ocrx_word' id='word_1_137' title='bbox 635 2217 725 2293; x_wconf 88' lang='lat' dir='ltr'>deos,</span> <span class='ocrx_word' id='word_1_138' title='bbox 744 2218 787 2277; x_wconf 91' lang='lat' dir='ltr'>dis</span> <span class='ocrx_word' id='word_1_139' title='bbox 810 2216 1029 2293; x_wconf 84' lang='lat' dir='ltr'>ignoscentibus</span> <span class='ocrx_word' id='word_1_140' title='bbox 1050 2218 1132 2294; x_wconf 88' lang='lat' dir='ltr'>ipsis.</span> 
     </span>
    </p>

    <p class='ocr_par' dir='ltr' id='par_1_14' title="bbox 376 2301 1196 2379">
     <span class='ocr_line' id='line_1_22' title="bbox 376 2301 1196 2379; baseline 0.002 -19"><span class='ocrx_word' id='word_1_141' title='bbox 376 2301 450 2374; x_wconf 79' lang='lat' dir='ltr'>Quid</span> <span class='ocrx_word' id='word_1_142' title='bbox 472 2301 549 2378; x_wconf 85' lang='lat' dir='ltr'>qnod</span> <span class='ocrx_word' id='word_1_143' title='bbox 571 2303 719 2361; x_wconf 90' lang='lat' dir='ltr'>materiam</span> <span class='ocrx_word' id='word_1_144' title='bbox 738 2301 860 2379; x_wconf 90' lang='lat' dir='ltr'>praebet</span> <span class='ocrx_word' id='word_1_145' title='bbox 881 2318 1042 2379; x_wconf 82' lang='lat' dir='ltr'>cannasque</span> <span class='ocrx_word' id='word_1_146' title='bbox 1064 2302 1196 2362; x_wconf 89' lang='lat' dir='ltr'>ioeomm</span> 
     </span>
    </p>

    <p class='ocr_par' dir='ltr' id='par_1_15' title="bbox 376 2383 1167 2462">
     <span class='ocr_line' id='line_1_23' title="bbox 376 2383 1167 2462; baseline 0.003 -19"><span class='ocrx_word' id='word_1_147' title='bbox 376 2383 513 2443; x_wconf 87' lang='lat' dir='ltr'>Omnibus</span> <span class='ocrx_word' id='word_1_148' title='bbox 535 2384 582 2442; x_wconf 94' lang='lat' dir='ltr'>bic</span> <span class='ocrx_word' id='word_1_149' title='bbox 604 2385 695 2460; x_wconf 91' lang='lat' dir='ltr'>idem,</span> <span class='ocrx_word' id='word_1_150' title='bbox 717 2388 741 2443; x_wconf 89' lang='lat' dir='ltr'>si</span> <span class='ocrx_word' id='word_1_151' title='bbox 761 2384 848 2445; x_wconf 81' lang='lat' dir='ltr'>foeda</span> <span class='ocrx_word' id='word_1_152' title='bbox 873 2395 902 2445; x_wconf 88' lang='lat' dir='ltr'>et</span> <span class='ocrx_word' id='word_1_153' title='bbox 924 2387 1017 2445; x_wconf 91' lang='lat' dir='ltr'>scissa</span> <span class='ocrx_word' id='word_1_154' title='bbox 1039 2386 1167 2462; x_wconf 87' lang='lat' dir='ltr'>lacerna,</span> 
     </span>
    </p>

    <p class='ocr_par' dir='ltr' id='par_1_16' title="bbox 375 2466 1363 2709">
     <span class='ocr_line' id='line_1_24' title="bbox 375 2466 1317 2547; baseline 0.004 -21"><span class='ocrx_word' id='word_1_155' title='bbox 375 2468 406 2526; x_wconf 87' lang='lat' dir='ltr'>Si</span> <span class='ocrx_word' id='word_1_156' title='bbox 428 2476 498 2542; x_wconf 87' lang='lat' dir='ltr'>toga</span> <span class='ocrx_word' id='word_1_157' title='bbox 519 2466 666 2526; x_wconf 90' lang='lat' dir='ltr'>sordidula</span> <span class='ocrx_word' id='word_1_158' title='bbox 686 2477 731 2526; x_wconf 91' lang='lat' dir='ltr'>est</span> <span class='ocrx_word' id='word_1_159' title='bbox 754 2478 783 2528; x_wconf 91' lang='lat' dir='ltr'>et</span> <span class='ocrx_word' id='word_1_160' title='bbox 803 2479 888 2547; x_wconf 88' lang='lat' dir='ltr'>rupta</span> <span class='ocrx_word' id='word_1_161' title='bbox 909 2469 1026 2529; x_wconf 82' lang='lat' dir='ltr'>calceus</span> <span class='ocrx_word' id='word_1_162' title='bbox 1046 2469 1122 2529; x_wconf 87' lang='lat' dir='ltr'>alter</span> <span class='ocrx_word' id='word_1_163' title='bbox 1312 2536 1317 2545; x_wconf 50' lang='grc'><strong><em>,</em></strong></span> 
     </span>
     <span class='ocr_line' id='line_1_25' title="bbox 375 2549 1363 2625; baseline 0.006 -16"><span class='ocrx_word' id='word_1_164' title='bbox 375 2549 457 2610; x_wconf 87' lang='lat' dir='ltr'>l‘elle</span> <span class='ocrx_word' id='word_1_165' title='bbox 480 2558 575 2625; x_wconf 90' lang='lat' dir='ltr'>patet,</span> <span class='ocrx_word' id='word_1_166' title='bbox 597 2549 646 2607; x_wconf 91' lang='lat' dir='ltr'>vel</span> <span class='ocrx_word' id='word_1_167' title='bbox 669 2551 692 2607; x_wconf 91' lang='lat' dir='ltr'>si</span> <span class='ocrx_word' id='word_1_168' title='bbox 715 2562 836 2611; x_wconf 90' lang='lat' dir='ltr'>consuto</span> <span class='ocrx_word' id='word_1_169' title='bbox 859 2553 980 2621; x_wconf 86' lang='lat' dir='ltr'>uulnere</span> <span class='ocrx_word' id='word_1_170' title='bbox 1001 2572 1129 2613; x_wconf 88' lang='lat' dir='ltr'>crassum</span> <span class='ocrx_word' id='word_1_171' title='bbox 1320 2568 1363 2623; x_wconf 71' lang='lat' dir='ltr'>lot</span> 
     </span>
     <span class='ocr_line' id='line_1_26' title="bbox 376 2631 1172 2709; baseline 0.01 -19"><span class='ocrx_word' id='word_1_172' title='bbox 376 2631 473 2709; x_wconf 80' lang='lat' dir='ltr'>Atque</span> <span class='ocrx_word' id='word_1_173' title='bbox 492 2650 598 2690; x_wconf 88' lang='lat' dir='ltr'>nocens</span> <span class='ocrx_word' id='word_1_174' title='bbox 620 2632 706 2692; x_wconf 93' lang='lat' dir='ltr'>linum</span> <span class='ocrx_word' id='word_1_175' title='bbox 726 2636 851 2696; x_wconf 90' lang='lat' dir='ltr'>ostendit</span> <span class='ocrx_word' id='word_1_176' title='bbox 873 2655 930 2697; x_wconf 93' lang='lat' dir='ltr'>non</span> <span class='ocrx_word' id='word_1_177' title='bbox 952 2656 1007 2697; x_wconf 93' lang='lat' dir='ltr'>una</span> <span class='ocrx_word' id='word_1_178' title='bbox 1028 2636 1172 2698; x_wconf 74' lang='lat' dir='ltr'>cicatrix?</span> 
     </span>
    </p>

    <p class='ocr_par' dir='ltr' id='par_1_17' title="bbox 375 2714 1068 2797">
     <span class='ocr_line' id='line_1_27' title="bbox 375 2714 1068 2797; baseline 0.01 -23"><span class='ocrx_word' id='word_1_179' title='bbox 375 2714 423 2775; x_wconf 86' lang='lat' dir='ltr'>Nil</span> <span class='ocrx_word' id='word_1_180' title='bbox 443 2715 531 2774; x_wconf 92' lang='lat' dir='ltr'>habet</span> <span class='ocrx_word' id='word_1_181' title='bbox 553 2716 654 2776; x_wconf 82' lang='lat' dir='ltr'>infelix</span> <span class='ocrx_word' id='word_1_182' title='bbox 676 2729 833 2797; x_wconf 88' lang='lat' dir='ltr'>paupertas</span> <span class='ocrx_word' id='word_1_183' title='bbox 855 2721 952 2780; x_wconf 91' lang='lat' dir='ltr'>durius</span> <span class='ocrx_word' id='word_1_184' title='bbox 975 2723 1002 2780; x_wconf 92' lang='lat' dir='ltr'>in</span> <span class='ocrx_word' id='word_1_185' title='bbox 1025 2739 1068 2797; x_wconf 86' lang='lat' dir='ltr'>se,</span> 
     </span>
    </p>

    <p class='ocr_par' dir='ltr' id='par_1_18' title="bbox 376 2799 1270 2888">
     <span class='ocr_line' id='line_1_28' title="bbox 376 2799 1270 2888; baseline 0.015 -32"><span class='ocrx_word' id='word_1_186' title='bbox 376 2799 467 2872; x_wconf 80' lang='lat' dir='ltr'>Qunam</span> <span class='ocrx_word' id='word_1_187' title='bbox 491 2800 567 2877; x_wconf 88' lang='lat' dir='ltr'>qood</span> <span class='ocrx_word' id='word_1_188' title='bbox 590 2801 728 2861; x_wconf 91' lang='lat' dir='ltr'>ridiculos</span> <span class='ocrx_word' id='word_1_189' title='bbox 750 2804 881 2864; x_wconf 88' lang='lat' dir='ltr'>homines</span> <span class='ocrx_word' id='word_1_190' title='bbox 900 2806 980 2877; x_wconf 76' lang='lat' dir='ltr'>iacit.</span> <span class='ocrx_word' id='word_1_191' title='bbox 1025 2805 1137 2882; x_wconf 86' lang='lat' dir='ltr'>Exeat,</span> <span class='ocrx_word' id='word_1_192' title='bbox 1161 2808 1270 2888; x_wconf 89' lang='lat' dir='ltr'>inquit,</span> 
     </span>
    </p>

    <p class='ocr_par' dir='ltr' id='par_1_19' title="bbox 375 2882 1133 2968">
     <span class='ocr_line' id='line_1_29' title="bbox 375 2882 1133 2968; baseline 0.009 -25"><span class='ocrx_word' id='word_1_193' title='bbox 375 2882 406 2943; x_wconf 79' lang='lat' dir='ltr'>st</span> <span class='ocrx_word' id='word_1_194' title='bbox 428 2883 520 2961; x_wconf 91' lang='lat' dir='ltr'>pudor</span> <span class='ocrx_word' id='word_1_195' title='bbox 543 2894 603 2959; x_wconf 91' lang='lat' dir='ltr'>est,</span> <span class='ocrx_word' id='word_1_196' title='bbox 626 2894 654 2944; x_wconf 95' lang='lat' dir='ltr'>et</span> <span class='ocrx_word' id='word_1_197' title='bbox 676 2886 711 2946; x_wconf 92' lang='lat' dir='ltr'>de</span> <span class='ocrx_word' id='word_1_198' title='bbox 732 2888 849 2966; x_wconf 91' lang='lat' dir='ltr'>pulvino</span> <span class='ocrx_word' id='word_1_199' title='bbox 872 2899 971 2966; x_wconf 83' lang='lat' dir='ltr'>surgat</span> <span class='ocrx_word' id='word_1_200' title='bbox 992 2892 1133 2968; x_wconf 82' lang='lat' dir='ltr'>equestri,</span> 
     </span>
    </p>

    <p class='ocr_par' dir='ltr' id='par_1_20' title="bbox 370 2965 1362 3135">
     <span class='ocr_line' id='line_1_30' title="bbox 370 2965 1362 3048; baseline 0.012 -23"><span class='ocrx_word' id='word_1_201' title='bbox 370 2965 463 3048; x_wconf 36' lang='lat' dir='ltr'>&#39;Cuius</span> <span class='ocrx_word' id='word_1_202' title='bbox 485 2986 533 3026; x_wconf 92' lang='lat' dir='ltr'>res</span> <span class='ocrx_word' id='word_1_203' title='bbox 555 2968 614 3046; x_wconf 79' lang='lat' dir='ltr'>legi</span> <span class='ocrx_word' id='word_1_204' title='bbox 636 2988 693 3029; x_wconf 92' lang='lat' dir='ltr'>non</span> <span class='ocrx_word' id='word_1_205' title='bbox 717 2973 840 3047; x_wconf 82' lang='lat' dir='ltr'>sufficit,</span> <span class='ocrx_word' id='word_1_206' title='bbox 865 2982 895 3033; x_wconf 90' lang='lat' dir='ltr'>et</span> <span class='ocrx_word' id='word_1_207' title='bbox 912 2974 1033 3034; x_wconf 85' lang='lat' dir='ltr'>sedeant</span> <span class='ocrx_word' id='word_1_208' title='bbox 1052 2974 1100 3034; x_wconf 91' lang='lat' dir='ltr'>bic</span> <span class='ocrx_word' id='word_1_209' title='bbox 1318 2986 1362 3043; x_wconf 72' lang='lat'>1⁵⁵</span> 
     </span>
     <span class='ocr_line' id='line_1_31' title="bbox 372 3050 1110 3135; baseline 0.012 -26"><span class='ocrx_word' id='word_1_210' title='bbox 372 3050 519 3111; x_wconf 84' lang='lat' dir='ltr'>Lemonum</span> <span class='ocrx_word' id='word_1_211' title='bbox 541 3055 624 3129; x_wconf 87' lang='lat' dir='ltr'>pueri</span> <span class='ocrx_word' id='word_1_212' title='bbox 649 3074 832 3135; x_wconf 85' lang='lat' dir='ltr'>quocumque</span> <span class='ocrx_word' id='word_1_213' title='bbox 852 3060 881 3116; x_wconf 94' lang='lat' dir='ltr'>in</span> <span class='ocrx_word' id='word_1_214' title='bbox 903 3058 1016 3118; x_wconf 89' lang='lat' dir='ltr'>fornice</span> <span class='ocrx_word' id='word_1_215' title='bbox 1035 3060 1110 3127; x_wconf 74' lang='lat' dir='ltr'>nati:</span> 
     </span>
    </p>

    <p class='ocr_par' dir='ltr' id='par_1_21' title="bbox 371 3135 1034 3217">
     <span class='ocr_line' id='line_1_32' title="bbox 371 3135 1034 3217; baseline 0.012 -23"><span class='ocrx_word' id='word_1_216' title='bbox 371 3135 425 3194; x_wconf 92' lang='lat' dir='ltr'>Hic</span> <span class='ocrx_word' id='word_1_217' title='bbox 447 3135 565 3214; x_wconf 86' lang='lat' dir='ltr'>plaudat</span> <span class='ocrx_word' id='word_1_218' title='bbox 585 3140 665 3198; x_wconf 91' lang='lat' dir='ltr'>nitidi</span> <span class='ocrx_word' id='word_1_219' title='bbox 686 3142 842 3217; x_wconf 87' lang='lat' dir='ltr'>praeconis</span> <span class='ocrx_word' id='word_1_220' title='bbox 863 3141 939 3201; x_wconf 88' lang='lat' dir='ltr'>lilius</span> <span class='ocrx_word' id='word_1_221' title='bbox 958 3145 1034 3202; x_wconf 91' lang='lat' dir='ltr'>inter</span> 
     </span>
    </p>

    <p class='ocr_par' dir='ltr' id='par_1_22' title="bbox 371 3218 1130 3304">
     <span class='ocr_line' id='line_1_33' title="bbox 371 3218 1130 3304; baseline 0.012 -26"><span class='ocrx_word' id='word_1_222' title='bbox 371 3218 515 3297; x_wconf 90' lang='lat' dir='ltr'>Pinnirapi</span> <span class='ocrx_word' id='word_1_223' title='bbox 535 3221 629 3281; x_wconf 90' lang='lat' dir='ltr'>cultos</span> <span class='ocrx_word' id='word_1_224' title='bbox 651 3225 772 3283; x_wconf 90' lang='lat' dir='ltr'>invenes</span> <span class='ocrx_word' id='word_1_225' title='bbox 790 3226 969 3304; x_wconf 87' lang='lat' dir='ltr'>iuvenesque</span> <span class='ocrx_word' id='word_1_226' title='bbox 992 3227 1130 3287; x_wconf 82' lang='lat' dir='ltr'>lanistae:</span> 
     </span>
    </p>

    <p class='ocr_par' dir='ltr' id='par_1_23' title="bbox 372 3303 1102 3386">
     <span class='ocr_line' id='line_1_34' title="bbox 372 3303 1102 3386; baseline 0.008 -24"><span class='ocrx_word' id='word_1_227' title='bbox 372 3303 422 3362; x_wconf 88' lang='lat' dir='ltr'>Sic</span> <span class='ocrx_word' id='word_1_228' title='bbox 438 3303 546 3364; x_wconf 90' lang='lat' dir='ltr'>libitum</span> <span class='ocrx_word' id='word_1_229' title='bbox 563 3323 653 3384; x_wconf 89' lang='lat' dir='ltr'>vano,</span> <span class='ocrx_word' id='word_1_230' title='bbox 674 3309 722 3386; x_wconf 88' lang='lat' dir='ltr'>qui</span> <span class='ocrx_word' id='word_1_231' title='bbox 744 3325 797 3368; x_wconf 91' lang='lat' dir='ltr'>nos</span> <span class='ocrx_word' id='word_1_232' title='bbox 820 3309 964 3386; x_wconf 84' lang='lat' dir='ltr'>distinxit,</span> <span class='ocrx_word' id='word_1_233' title='bbox 986 3309 1102 3371; x_wconf 89' lang='lat' dir='ltr'>Otboni.</span> 
     </span>
    </p>

    <p class='ocr_par' dir='ltr' id='par_1_24' title="bbox 373 3384 1360 3555">
     <span class='ocr_line' id='line_1_35' title="bbox 373 3384 1360 3474; baseline 0.017 -30"><span class='ocrx_word' id='word_1_234' title='bbox 373 3384 444 3457; x_wconf 83' lang='lat' dir='ltr'>anis</span> <span class='ocrx_word' id='word_1_235' title='bbox 465 3405 558 3463; x_wconf 75' lang='lat' dir='ltr'>gener</span> <span class='ocrx_word' id='word_1_236' title='bbox 577 3389 625 3450; x_wconf 90' lang='lat' dir='ltr'>bie</span> <span class='ocrx_word' id='word_1_237' title='bbox 646 3391 756 3468; x_wconf 87' lang='lat' dir='ltr'>placuit</span> <span class='ocrx_word' id='word_1_238' title='bbox 779 3411 869 3452; x_wconf 91' lang='lat' dir='ltr'>censu</span> <span class='ocrx_word' id='word_1_239' title='bbox 890 3395 983 3453; x_wconf 89' lang='lat' dir='ltr'>minor</span> <span class='ocrx_word' id='word_1_240' title='bbox 999 3404 1087 3474; x_wconf 87' lang='lat' dir='ltr'>atque</span> <span class='ocrx_word' id='word_1_241' title='bbox 1109 3397 1232 3474; x_wconf 82' lang='lat' dir='ltr'>puellae</span> <span class='ocrx_word' id='word_1_242' title='bbox 1317 3408 1360 3467; x_wconf 76' lang='lat' dir='ltr'>lot</span> 
     </span>
     <span class='ocr_line' id='line_1_36' title="bbox 373 3470 1174 3555; baseline 0.017 -29"><span class='ocrx_word' id='word_1_243' title='bbox 373 3470 530 3530; x_wconf 86' lang='lat' dir='ltr'>sarcinulis</span> <span class='ocrx_word' id='word_1_244' title='bbox 553 3470 665 3553; x_wconf 85' lang='lat' dir='ltr'>impar?</span> <span class='ocrx_word' id='word_1_245' title='bbox 685 3478 749 3552; x_wconf 88' lang='lat' dir='ltr'>quis</span> <span class='ocrx_word' id='word_1_246' title='bbox 770 3496 884 3555; x_wconf 90' lang='lat' dir='ltr'>pauper</span> <span class='ocrx_word' id='word_1_247' title='bbox 904 3478 1039 3538; x_wconf 89' lang='lat' dir='ltr'>scribitur</span> <span class='ocrx_word' id='word_1_248' title='bbox 1060 3478 1174 3541; x_wconf 78' lang='lat' dir='ltr'>ireres?</span> 
     </span>
    </p>

    <p class='ocr_par' dir='ltr' id='par_1_25' title="bbox 371 3549 1175 3721">
     <span class='ocr_line' id='line_1_37' title="bbox 373 3549 1175 3640; baseline 0.02 -30"><span class='ocrx_word' id='word_1_249' title='bbox 373 3549 493 3622; x_wconf 81' lang='lat' dir='ltr'>Quando</span> <span class='ocrx_word' id='word_1_250' title='bbox 514 3558 541 3614; x_wconf 93' lang='lat' dir='ltr'>in</span> <span class='ocrx_word' id='word_1_251' title='bbox 565 3559 686 3617; x_wconf 90' lang='lat' dir='ltr'>consilio</span> <span class='ocrx_word' id='word_1_252' title='bbox 705 3568 750 3619; x_wconf 91' lang='lat' dir='ltr'>est</span> <span class='ocrx_word' id='word_1_253' title='bbox 771 3560 936 3621; x_wconf 85' lang='lat' dir='ltr'>aedilibus?</span> <span class='ocrx_word' id='word_1_254' title='bbox 957 3565 1072 3640; x_wconf 83' lang='lat' dir='ltr'>agmine</span> <span class='ocrx_word' id='word_1_255' title='bbox 1093 3564 1175 3627; x_wconf 84' lang='lat' dir='ltr'>facto</span> 
     </span>
     <span class='ocr_line' id='line_1_38' title="bbox 371 3632 1072 3721; baseline 0.021 -29"><span class='ocrx_word' id='word_1_256' title='bbox 371 3632 539 3697; x_wconf 87' lang='lat' dir='ltr'>Debuerant</span> <span class='ocrx_word' id='word_1_257' title='bbox 559 3641 626 3699; x_wconf 94' lang='lat' dir='ltr'>olim</span> <span class='ocrx_word' id='word_1_258' title='bbox 646 3651 749 3702; x_wconf 90' lang='lat' dir='ltr'>tenues</span> <span class='ocrx_word' id='word_1_259' title='bbox 770 3647 912 3721; x_wconf 85' lang='lat' dir='ltr'>migrasse</span> <span class='ocrx_word' id='word_1_260' title='bbox 935 3647 1072 3721; x_wconf 82' lang='lat' dir='ltr'>Quirites.</span> 
     </span>
    </p>

    <p class='ocr_par' dir='ltr' id='par_1_26' title="bbox 363 3716 1194 3808">
     <span class='ocr_line' id='line_1_39' title="bbox 363 3716 1194 3808; baseline 0.023 -30"><span class='ocrx_word' id='word_1_261' title='bbox 363 3716 451 3781; x_wconf 86' lang='lat' dir='ltr'>llaud</span> <span class='ocrx_word' id='word_1_262' title='bbox 470 3719 560 3785; x_wconf 82' lang='lat' dir='ltr'>facile</span> <span class='ocrx_word' id='word_1_263' title='bbox 584 3737 753 3807; x_wconf 81' lang='lat' dir='ltr'>emergunt,</span> <span class='ocrx_word' id='word_1_264' title='bbox 775 3745 894 3808; x_wconf 86' lang='lat' dir='ltr'>quorum</span> <span class='ocrx_word' id='word_1_265' title='bbox 914 3732 1068 3793; x_wconf 86' lang='lat' dir='ltr'>uirtutibus</span> <span class='ocrx_word' id='word_1_266' title='bbox 1090 3733 1194 3797; x_wconf 86' lang='lat' dir='ltr'>obstat</span> 
     </span>
    </p>
   </div>
   <div class='ocr_carea' id='block_1_3' title="bbox 1396 3572 1399 3659">
    <p class='ocr_par' dir='ltr' id='par_1_27' title="bbox 1396 3572 1399 3659">
     <span class='ocr_line' id='line_1_40' title="bbox 1396 3572 1399 3659; baseline 0 -32"><span class='ocrx_word' id='word_1_267' title='bbox 1396 3572 1399 3659; x_wconf 67' lang='lat' dir='ltr'>p</span> 
     </span>
    </p>
   </div>
   <div class='ocr_carea' id='block_1_4' title="bbox 0 0 1638 4409">
    <p class='ocr_par' dir='ltr' id='par_1_28' title="bbox 0 0 1638 4409">
     <span class='ocr_line' id='line_1_41' title="bbox 0 0 1638 4409; baseline 0 1"><span class='ocrx_word' id='word_1_268' title='bbox 0 0 1638 4409; x_wconf 95' lang='lat' dir='ltr'> </span> 
     </span>
    </p>
   </div>
  </div>
 </body>
</html>
