3267 4409
457 502 465 509 ‘
557 436 897 550 EPIGRAMMATON
916 489 1046 554 LIBER.

758 689 829 754 Vll.
853 698 854 701 ’

355 803 505 883 Qualiter
518 801 553 864 iu
568 800 712 884 Scythica
726 795 876 883 religatus
888 824 966 885 rupe
982 806 1185 869 Prometheus

395 887 564 948 Assiduum
576 890 670 948 nimio
686 894 815 969 pectore
830 891 912 969 pavit
927 908 1027 968 arem,

354 971 446 1034 Nuda
461 970 634 1033 Caledonio
648 973 692 1031 sic
707 973 826 1032 viscera
840 974 983 1052 praebuit
995 992 1068 1033 urso

396 1057 471 1116 Non
484 1053 564 1115 falsa
577 1055 717 1136 pendens
731 1057 764 1115 in
780 1075 872 1116 cruce
886 1054 1065 1118 Laureolus.

330 1140 513 1202 avivebant
527 1138 623 1199 laceri
641 1141 787 1200 membris
801 1139 987 1200 stillantibus
1003 1147 1087 1200 artus

397 1224 498 1302 inque
513 1224 596 1283 omni
609 1243 756 1302 nusquam
770 1243 901 1303 corpore
917 1243 1027 1302 corpus
1042 1230 1118 1286 erat.

354 1308 501 1385 Denique
516 1306 699 1386 supplicium
715 1307 845 1388 dignum
860 1309 950 1368 coiit.-
963 1309 1018 1368 a'lle
1028 1311 1171 1388 parentis

396 1389 462 1452 vel
479 1389 594 1450 domini
608 1390 743 1470 iugulum
756 1390 880 1451 foderat
896 1410 970 1450 ense
984 1410 1117 1466 nocens3

356 1473 493 1554 Templa
506 1471 557 1532 v‘el
573 1493 682 1533 arcano
699 1472 826 1534 demens
842 1471 1132 1554 spoliaverat'auro,

317 1569 348 1621 10
397 1556 703 1618 Subdideratsaevas
717 1558 767 1617 vei
780 1558 855 1636 tibi,
876 1559 988 1637 Roma,
1010 1559 1103 1620 faces.

355 1643 489 1706 Vicerat
504 1642 647 1720 antiquae
662 1640 833 1710 sceleratus
848 1644 975 1701 crimina
989 1642 1105 1717 famae,

397 1726 524 1805 inquo,
547 1744 625 1804 quae
638 1726 741 1785 fuerat
755 1723 874 1804 fabula,
896 1745 996 1805 poena
1009 1726 1077 1784 fuit.

758 1860 835 1923 vul.

355 1972 514 2052 Daedale,
530 1973 653 2034 Lucano
669 1994 736 2034 cum
751 1976 796 2034 sic
809 1974 958 2034 lacereris
973 1976 1010 2034 ab
1028 1994 1117 2053 urso,

397 2059 498 2135 Quam
513 2077 644 2138 cuperes
656 2059 765 2138 pinnas
780 2078 860 2118 nunc
874 2060 1018 2119 habuisse
1033 2059 1116 2118 tuac!

766 2192 817 2254 ix.

352 2308 520 2368 Praestitit
536 2308 689 2368 exhibitus
702 2314 767 2368 tota
781 2310 854 2385 tibi,
875 2309 1004 2387 Caesar,
1025 2309 1141 2369 harena
1222 2316 1228 2321 “

396 2393 486 2468 Quae
498 2411 560 2451 non
574 2393 715 2471 promisit
728 2390 846 2472 praelia
858 2393 1049 2474 rhinoceros.

354 2476 381 2535 0
398 2495 491 2554 quam
509 2474 661 2534 terribilis
677 2478 790 2536 exarsit
803 2495 920 2555 pronus
931 2476 964 2534 in
978 2476 1061 2535 iras}

397 2561 544 2639 Quantus
553 2566 621 2619 erat
633 2567 755 2639 taurus,
778 2561 826 2620 cui
839 2559 903 2639 pila
917 2565 1022 2618 taurus
1037 2561 1118 2620 erat!
1141 2636 1145 2644 ,

776 2692 813 2753 X.

353 2809 506 2869 Laeserat
518 2809 639 2886 ingrato
652 2807 703 2869 leo
721 2807 859 2888 perfidus
874 2827 929 2868 ore
941 2810 1134 2886 magistrum,

396 2894 499 2952 Ausus
514 2899 576 2952 tam
590 2899 678 2952 notas
694 2900 907 2952 contemerare
922 2912 1043 2971 manus,

353 2975 418 3037 Sed
434 2975 543 3053 dignas
558 2981 644 3036 tanto
661 2974 812 3056 persolvit
827 2976 955 3036 crimine
969 2995 1101 3056 poenas,

393 3061 437 3120 Et
451 3060 505 3137 qui
520 3078 582 3118 nou
595 3058 711 3119 tulerat
727 3062 874 3135 verbera,
895 3059 958 3119 tela
971 3059 1053 3120 tulit.

332 3145 439 3221 aquas
455 3142 548 3202 decet
565 3161 634 3204 esce
649 3143 804 3203 hominum
820 3141 876 3203 tali
891 3145 945 3203 sub
959 3145 1100 3224 principe
1115 3155 1233 3213 mores,

395 3228 457 3303 Qui
473 3227 562 3286 iubet
574 3228 731 3305 ingenium
745 3228 848 3287 mitius
863 3245 932 3287 esne
946 3226 1037 3291 feris!

765 3360 816 3422 xl.

355 3475 513 3553 Praeceps
528 3475 693 3551 sanguinea
709 3471 780 3533 dum
795 3493 829 3534 se
844 3480 927 3533 rotat
941 3491 1028 3532 ursus
1043 3471 1174 3552 harena,

394 3558 578 3638 Implicitam
591 3559 673 3617 visco
689 3557 828 3638 perdidit
841 3557 898 3618 ille
911 3558 1021 3635 fugam.

355 3640 527 3723 Splendida
539 3642 599 3701 iam
614 3647 697 3702 tecto
714 3648 837 3701 cessent
850 3639 1000 3702 venabula
1013 3641 1118 3719 ferro,

393 3726 461 3787 Nee
474 3724 560 3786 volet
573 3743 699 3786 excussa
711 3722 820 3786 lancea
834 3731 915 3786 torta
928 3743 1034 3804 manu;

1066 3807 1105 3874 1*
