3267 4409
560 460 988 537 nrmnannnaonan.
1004 463 1026 526 1.
1188 422 1191 426 ⁴
1271 463 1312 529 27

352 621 476 683 Mutare
489 617 648 680 dominum
661 635 723 677 non
737 621 843 696 potest
858 615 940 678 liber
954 623 1055 680 notus.

317 716 348 770 lo
354 704 417 764 Sed
432 704 588 785 pumicata
601 702 706 761 fronte
721 702 747 760 si
763 703 831 779 quis
846 706 896 760 est
910 699 1045 762 nondum

353 790 417 850 Nec
430 784 589 848 umbilicis
606 785 706 846 cultus
721 790 813 863 atque
831 787 1023 863 membrana,

353 873 516 933 Mercare:
538 869 618 930 tales
633 870 751 943 babe03
770 887 830 928 nec
844 870 923 929 sciet
938 870 1105 948 quisquam.

352 955 465 1017 Aliena
480 954 620 1033 quisquis
636 952 750 1012 recitat
766 957 799 1011 et
813 953 895 1031 petit
908 951 1034 1031 famam,

351 1041 420 1100 Non
435 1056 542 1099 emere
556 1037 686 1114 librum,
706 1033 764 1096 sed
778 1034 936 1096 silentium
950 1035 1053 1101 debet.

732 1168 854 1232 LXVII.

353 1283 450 1344 Liber
464 1285 558 1343 bomo
576 1300 610 1342 es
625 1281 768 1356 nimium,
792 1278 871 1340 dicis
888 1283 980 1360 mihi,
1001 1280 1135 1363 Cerylo,
1157 1303 1287 1366 semper.

393 1368 429 1428 ln
443 1374 477 1427 te
493 1367 547 1447 qui
563 1365 655 1444 dicit,
676 1362 808 1444 Geryle,
828 1362 911 1424 liber
922 1367 1014 1425 homo
1029 1374 1085 1429 est.

669 1470 675 1484 '
722 1496 857 1560 mun.

355 1610 513 1693 Quidquid
527 1612 591 1690 agit
603 1611 719 1689 Rufus,
741 1609 821 1670 nihil
837 1615 886 1671 est
900 1612 960 1671 nisi
975 1611 1089 1673 Naevia
1102 1613 1191 1674 Rufo.

395 1698 429 1757 Si
445 1694 575 1776 gaudet,
598 1697 625 1755 si
638 1696 718 1772 flet,
733 1695 760 1754 si
774 1701 874 1773 tacet,
896 1696 974 1755 hanc
988 1695 1135 1776 loquitur.

355 1781 469 1858 Cenat,
490 1780 653 1861 propinat,
673 1779 791 1858 poscit,
812 1785 922 1858 negat,
944 1781 1060 1840 innuit:
1085 1801 1145 1841 una
1160 1787 1209 1841 est

343 1931 347 1937 ,
394 1865 525 1938 Naevia;
548 1864 650 1922 sinon
666 1864 707 1922 sit
721 1862 850 1940 Naevia,
871 1870 972 1923 mutus
986 1866 1056 1927 erit.

336 1947 532 2028 {ascripserat
545 1948 692 2007 besterna
705 1946 787 2025 patri
803 1965 871 2005 cum
884 1944 955 2007 luce
971 1945 1115 2008 salntem:

397 2032 534 2111 „Naevia
548 2028 622 2089 lux“
637 2030 738 2109 inquit
752 2029 887 2107 „Naevia
899 2030 1020 2106 lumen,
1043 2030 1132 2092 ave.“

356 2115 441 2176 Haec
454 2113 536 2193 legit
550 2117 583 2174 et
597 2113 681 2173 ridet
695 2111 829 2173 demisso
843 2112 957 2175 Naevia
971 2113 1065 2175 voltu.

396 2200 512 2259 Naevia
526 2217 591 2257 uon
604 2217 665 2257 una
678 2201 743 2256 est:
765 2195 855 2276 quid,
877 2200 924 2259 vir
939 2200 1062 2281 inepte,
1084 2197 1182 2259 furis‘t

736 2331 842 2395 LXIX.

360 2443 485 2522 Coepit,
505 2440 657 2520 Maxime,
677 2443 761 2504 Pana
776 2445 829 2525 qui
844 2443 980 2524 solebat,

360 2527 444 2588 Nunc
458 2525 627 2586 ostendere
643 2526 771 2587 Genium
786 2529 950 2593 Tarenton.

740 2675 835 2740 LXX.
884 2685 887 2689 ’

363 2786 443 2849 Vade
457 2785 622 2847 salutatum
635 2807 692 2868 pro
708 2807 773 2867 me,
794 2787 892 2871 liber:
912 2790 961 2850 ire
975 2791 1093 2852 iuberis

397 2870 447 2931 Ad
459 2869 590 2931 Proculi
603 2871 737 2951 nitidos,
761 2872 919 2950 officiose,
939 2873 1033 2938 lares.

363 2953 487 3030 Quaeris
501 2955 581 3032 iter,
604 2953 716 3015 dicam:
736 2957 870 3016 vicinum
884 2957 1013 3018 Castora
1028 2979 1122 3021 canae

400 3038 562 3098 Transibis
578 3038 693 3101 Vestae
707 3040 937 3119 virgineamque
950 3041 1089 3118 domum3

349 3119 434 3181 tlnde
449 3140 539 3181 sacro
553 3122 728 3182 veneranda
741 3129 832 3202 petes
846 3123 965 3184 Palatia
981 3125 1075 3204 clivo,

399 3204 536 3265 Plurima
555 3225 614 3284 qua
628 3209 736 3266 summi
750 3205 850 3285 fulget
864 3209 963 3286 imago
978 3208 1073 3271 ducis.

365 3287 467 3349 Necte
482 3287 622 3348 detineat
636 3291 707 3349 miri
721 3289 839 3351 radiata
853 3292 966 3352 colossi

400 3373 482 3449 Quae
496 3372 651 3433 Rhodium
665 3371 763 3434 moles
776 3376 903 3434 vincere
917 3375 1030 3453 gaudet
1045 3394 1131 3455 opus.

366 3453 464 3517 Flecte
477 3459 542 3516 vias
556 3459 614 3518 hac
629 3477 689 3536 qua
702 3457 817 3518 madidi
833 3466 904 3519 sunt
917 3465 1000 3543 tecta
1016 3458 1111 3538 Lyaei

341 3541 364 3595 lo
401 3541 440 3600 nt
454 3539 589 3620 Cybeles
606 3543 691 3623 picto
706 3549 767 3601 stat
783 3543 960 3621 Corybante
974 3549 1071 3605 torus.

368 3620 501 3685 Protinus
517 3645 534 3684 a
547 3625 634 3686 la‘evs
649 3623 727 3685 clari
744 3626 802 3686 tibi
814 3626 920 3686 fronte
934 3628 1067 3686 Penates

403 3708 549 3790 Atriaque
564 3708 707 3771 excelsae
722 3714 793 3770 sunt
807 3707 947 3770 adeunda
961 3709 1078 3774 domus.
