<?xml version="1.0" encoding="UTF-8"?>
<!DOCTYPE html PUBLIC "-//W3C//DTD XHTML 1.0 Transitional//EN"
    "http://www.w3.org/TR/xhtml1/DTD/xhtml1-transitional.dtd">
<html xmlns="http://www.w3.org/1999/xhtml" xml:lang="en" lang="en">
 <head>
  <title>
</title>
<meta http-equiv="Content-Type" content="text/html;charset=utf-8" />
  <meta name='ocr-system' content='tesseract 3.04.00' />
  <meta name='ocr-capabilities' content='ocr_page ocr_carea ocr_par ocr_line ocrx_word'/>
</head>
<body>
  <div class='ocr_page' id='page_1' title='image "./mvalmartialisep00martgoog_0061.png"; bbox 0 0 3267 4409; ppageno 0'>
   <div class='ocr_carea' id='block_1_1' title="bbox 563 418 1314 524">
    <p class='ocr_par' dir='ltr' id='par_1_1' title="bbox 563 418 1314 524">
     <span class='ocr_line' id='line_1_1' title="bbox 563 418 1314 524; baseline 0 -1"><span class='ocrx_word' id='word_1_1' title='bbox 563 457 991 523; x_wconf 79' lang='lat' dir='ltr'><strong>nmcmmuaronnm.</strong></span> <span class='ocrx_word' id='word_1_2' title='bbox 1006 459 1029 522; x_wconf 91' lang='lat'><strong>1.</strong></span> <span class='ocrx_word' id='word_1_3' title='bbox 1191 418 1194 423; x_wconf 59' lang='grc'><strong>’</strong></span> <span class='ocrx_word' id='word_1_4' title='bbox 1274 458 1314 524; x_wconf 77' lang='lat'><strong>27</strong></span> 
     </span>
    </p>
   </div>
   <div class='ocr_carea' id='block_1_2' title="bbox 317 611 1108 1110">
    <p class='ocr_par' dir='ltr' id='par_1_2' title="bbox 353 611 1058 693">
     <span class='ocr_line' id='line_1_2' title="bbox 353 611 1058 693; baseline -0.009 -12"><span class='ocrx_word' id='word_1_5' title='bbox 353 618 479 681; x_wconf 82' lang='lat' dir='ltr'><strong>Mutare</strong></span> <span class='ocrx_word' id='word_1_6' title='bbox 493 615 650 677; x_wconf 91' lang='lat' dir='ltr'><strong>dominum</strong></span> <span class='ocrx_word' id='word_1_7' title='bbox 664 633 726 673; x_wconf 94' lang='lat' dir='ltr'><strong>non</strong></span> <span class='ocrx_word' id='word_1_8' title='bbox 739 618 846 693; x_wconf 88' lang='lat' dir='ltr'><strong>potest</strong></span> <span class='ocrx_word' id='word_1_9' title='bbox 860 611 943 674; x_wconf 90' lang='lat' dir='ltr'><strong>liber</strong></span> <span class='ocrx_word' id='word_1_10' title='bbox 957 619 1058 676; x_wconf 86' lang='lat' dir='ltr'><strong>notus.</strong></span> 
     </span>
    </p>

    <p class='ocr_par' dir='ltr' id='par_1_3' title="bbox 317 695 1108 1110">
     <span class='ocr_line' id='line_1_3' title="bbox 317 695 1049 782; baseline -0.01 -17"><span class='ocrx_word' id='word_1_11' title='bbox 317 714 349 768; x_wconf 91' lang='lat'><strong>10</strong></span> <span class='ocrx_word' id='word_1_12' title='bbox 356 700 419 762; x_wconf 90' lang='lat' dir='ltr'><strong>Sed</strong></span> <span class='ocrx_word' id='word_1_13' title='bbox 434 702 591 782; x_wconf 79' lang='lat' dir='ltr'><strong>pumicata</strong></span> <span class='ocrx_word' id='word_1_14' title='bbox 605 700 709 758; x_wconf 85' lang='lat' dir='ltr'><strong>fronte</strong></span> <span class='ocrx_word' id='word_1_15' title='bbox 724 699 750 757; x_wconf 91' lang='lat' dir='ltr'><strong>si</strong></span> <span class='ocrx_word' id='word_1_16' title='bbox 766 699 834 776; x_wconf 90' lang='lat' dir='ltr'><strong>quis</strong></span> <span class='ocrx_word' id='word_1_17' title='bbox 849 703 898 757; x_wconf 89' lang='lat' dir='ltr'><strong>est</strong></span> <span class='ocrx_word' id='word_1_18' title='bbox 912 695 1049 758; x_wconf 91' lang='lat' dir='ltr'><strong>nondum</strong></span> 
     </span>
     <span class='ocr_line' id='line_1_4' title="bbox 355 781 1026 860; baseline -0.012 -12"><span class='ocrx_word' id='word_1_19' title='bbox 355 787 420 847; x_wconf 89' lang='lat' dir='ltr'><strong>Neo</strong></span> <span class='ocrx_word' id='word_1_20' title='bbox 433 782 592 845; x_wconf 82' lang='lat' dir='ltr'><strong>umbilicis</strong></span> <span class='ocrx_word' id='word_1_21' title='bbox 609 781 709 842; x_wconf 83' lang='lat' dir='ltr'><strong>cultus</strong></span> <span class='ocrx_word' id='word_1_22' title='bbox 724 787 816 860; x_wconf 83' lang='lat' dir='ltr'><strong>atque</strong></span> <span class='ocrx_word' id='word_1_23' title='bbox 834 783 1026 860; x_wconf 83' lang='lat' dir='ltr'><strong>membrana,</strong></span> 
     </span>
     <span class='ocr_line' id='line_1_5' title="bbox 355 866 1108 944; baseline -0.003 -13"><span class='ocrx_word' id='word_1_24' title='bbox 355 871 520 931; x_wconf 84' lang='lat' dir='ltr'><strong>Mercarc:</strong></span> <span class='ocrx_word' id='word_1_25' title='bbox 542 866 622 927; x_wconf 85' lang='lat' dir='ltr'><strong>tales</strong></span> <span class='ocrx_word' id='word_1_26' title='bbox 636 867 754 940; x_wconf 82' lang='lat' dir='ltr'><strong>habe03</strong></span> <span class='ocrx_word' id='word_1_27' title='bbox 774 882 833 925; x_wconf 90' lang='lat' dir='ltr'><strong>nec</strong></span> <span class='ocrx_word' id='word_1_28' title='bbox 847 866 926 925; x_wconf 87' lang='lat' dir='ltr'><strong>sciet</strong></span> <span class='ocrx_word' id='word_1_29' title='bbox 941 866 1108 944; x_wconf 88' lang='lat' dir='ltr'><strong>quisquam.</strong></span> 
     </span>
     <span class='ocr_line' id='line_1_6' title="bbox 355 949 1037 1030; baseline -0.01 -16"><span class='ocrx_word' id='word_1_30' title='bbox 355 951 468 1014; x_wconf 82' lang='lat' dir='ltr'><strong>Aliena</strong></span> <span class='ocrx_word' id='word_1_31' title='bbox 484 951 623 1030; x_wconf 87' lang='lat' dir='ltr'><strong>quisquis</strong></span> <span class='ocrx_word' id='word_1_32' title='bbox 639 949 752 1009; x_wconf 77' lang='lat' dir='ltr'><strong>recitat</strong></span> <span class='ocrx_word' id='word_1_33' title='bbox 770 953 803 1009; x_wconf 89' lang='lat' dir='ltr'><strong>et</strong></span> <span class='ocrx_word' id='word_1_34' title='bbox 816 950 898 1028; x_wconf 87' lang='lat' dir='ltr'><strong>petit</strong></span> <span class='ocrx_word' id='word_1_35' title='bbox 911 949 1037 1026; x_wconf 84' lang='lat' dir='ltr'><strong>famam,</strong></span> 
     </span>
     <span class='ocr_line' id='line_1_7' title="bbox 354 1030 1056 1110; baseline -0.004 -12"><span class='ocrx_word' id='word_1_36' title='bbox 354 1038 423 1098; x_wconf 91' lang='lat' dir='ltr'><strong>Non</strong></span> <span class='ocrx_word' id='word_1_37' title='bbox 438 1053 547 1096; x_wconf 89' lang='lat' dir='ltr'><strong>emere</strong></span> <span class='ocrx_word' id='word_1_38' title='bbox 559 1034 689 1110; x_wconf 84' lang='lat' dir='ltr'><strong>librum,</strong></span> <span class='ocrx_word' id='word_1_39' title='bbox 709 1031 767 1092; x_wconf 85' lang='lat' dir='ltr'><strong>sed</strong></span> <span class='ocrx_word' id='word_1_40' title='bbox 781 1030 939 1092; x_wconf 87' lang='lat' dir='ltr'><strong>silentium</strong></span> <span class='ocrx_word' id='word_1_41' title='bbox 953 1031 1056 1097; x_wconf 88' lang='lat' dir='ltr'><strong>debet.</strong></span> 
     </span>
    </p>
   </div>
   <div class='ocr_carea' id='block_1_3' title="bbox 735 1165 857 1229">
    <p class='ocr_par' dir='ltr' id='par_1_4' title="bbox 735 1165 857 1229">
     <span class='ocr_line' id='line_1_8' title="bbox 735 1165 857 1229; baseline 0 -2"><span class='ocrx_word' id='word_1_42' title='bbox 735 1165 857 1229; x_wconf 85' lang='lat' dir='ltr'>LXVII.</span> 
     </span>
    </p>
   </div>
   <div class='ocr_carea' id='block_1_4' title="bbox 356 1275 1290 1444">
    <p class='ocr_par' dir='ltr' id='par_1_5' title="bbox 356 1275 1290 1444">
     <span class='ocr_line' id='line_1_9' title="bbox 356 1275 1290 1362; baseline 0.001 -21"><span class='ocrx_word' id='word_1_43' title='bbox 356 1282 453 1341; x_wconf 86' lang='lat' dir='ltr'><strong>Liber</strong></span> <span class='ocrx_word' id='word_1_44' title='bbox 468 1282 561 1341; x_wconf 90' lang='lat' dir='ltr'><strong>bomo</strong></span> <span class='ocrx_word' id='word_1_45' title='bbox 579 1297 614 1339; x_wconf 88' lang='lat' dir='ltr'><strong>es</strong></span> <span class='ocrx_word' id='word_1_46' title='bbox 628 1278 772 1354; x_wconf 87' lang='lat' dir='ltr'><strong>nimium,</strong></span> <span class='ocrx_word' id='word_1_47' title='bbox 795 1275 874 1336; x_wconf 86' lang='lat' dir='ltr'><strong>dicis</strong></span> <span class='ocrx_word' id='word_1_48' title='bbox 892 1279 983 1357; x_wconf 86' lang='lat' dir='ltr'><strong>mihi,</strong></span> <span class='ocrx_word' id='word_1_49' title='bbox 1005 1277 1138 1360; x_wconf 78' lang='lat' dir='ltr'>Cerylo,</span> <span class='ocrx_word' id='word_1_50' title='bbox 1160 1299 1290 1362; x_wconf 79' lang='lat' dir='ltr'><strong>semper.</strong></span> 
     </span>
     <span class='ocr_line' id='line_1_10' title="bbox 396 1358 1088 1444; baseline 0 -19"><span class='ocrx_word' id='word_1_51' title='bbox 396 1365 432 1425; x_wconf 89' lang='lat' dir='ltr'><strong>In</strong></span> <span class='ocrx_word' id='word_1_52' title='bbox 448 1371 481 1424; x_wconf 90' lang='lat' dir='ltr'><strong>te</strong></span> <span class='ocrx_word' id='word_1_53' title='bbox 497 1364 551 1444; x_wconf 91' lang='lat' dir='ltr'><strong>qui</strong></span> <span class='ocrx_word' id='word_1_54' title='bbox 566 1361 659 1440; x_wconf 84' lang='lat' dir='ltr'><strong>dicit,</strong></span> <span class='ocrx_word' id='word_1_55' title='bbox 679 1361 811 1441; x_wconf 86' lang='lat' dir='ltr'><strong>Ceryle,</strong></span> <span class='ocrx_word' id='word_1_56' title='bbox 831 1358 914 1421; x_wconf 87' lang='lat' dir='ltr'><strong>liber</strong></span> <span class='ocrx_word' id='word_1_57' title='bbox 926 1363 1017 1423; x_wconf 93' lang='lat' dir='ltr'><strong>homo</strong></span> <span class='ocrx_word' id='word_1_58' title='bbox 1032 1371 1088 1425; x_wconf 86' lang='lat' dir='ltr'><strong>est.</strong></span> 
     </span>
    </p>
   </div>
   <div class='ocr_carea' id='block_1_5' title="bbox 672 1467 860 1557">
    <p class='ocr_par' dir='ltr' id='par_1_6' title="bbox 672 1467 860 1557">
     <span class='ocr_line' id='line_1_11' title="bbox 672 1467 860 1557; baseline 0.005 -1"><span class='ocrx_word' id='word_1_59' title='bbox 672 1467 678 1481; x_wconf 85' lang='lat'><em>&#39;</em></span> <span class='ocrx_word' id='word_1_60' title='bbox 725 1493 860 1557; x_wconf 79' lang='lat' dir='ltr'><strong>uxuu.</strong></span> 
     </span>
    </p>
   </div>
   <div class='ocr_carea' id='block_1_6' title="bbox 338 1605 1212 2277">
    <p class='ocr_par' dir='ltr' id='par_1_7' title="bbox 338 1605 1212 2277">
     <span class='ocr_line' id='line_1_12' title="bbox 358 1605 1194 1690; baseline -0.004 -18"><span class='ocrx_word' id='word_1_61' title='bbox 358 1607 517 1690; x_wconf 78' lang='lat' dir='ltr'><strong>Quidquid</strong></span> <span class='ocrx_word' id='word_1_62' title='bbox 531 1609 594 1688; x_wconf 81' lang='lat' dir='ltr'><strong>agit</strong></span> <span class='ocrx_word' id='word_1_63' title='bbox 606 1607 723 1686; x_wconf 83' lang='lat' dir='ltr'><strong>Rufus,</strong></span> <span class='ocrx_word' id='word_1_64' title='bbox 744 1605 824 1667; x_wconf 88' lang='lat' dir='ltr'><strong>nihil</strong></span> <span class='ocrx_word' id='word_1_65' title='bbox 841 1613 890 1668; x_wconf 88' lang='lat' dir='ltr'><strong>est</strong></span> <span class='ocrx_word' id='word_1_66' title='bbox 904 1609 964 1668; x_wconf 86' lang='lat' dir='ltr'><strong>nisi</strong></span> <span class='ocrx_word' id='word_1_67' title='bbox 978 1607 1093 1670; x_wconf 82' lang='lat' dir='ltr'><strong>Naevia</strong></span> <span class='ocrx_word' id='word_1_68' title='bbox 1105 1609 1194 1670; x_wconf 85' lang='lat' dir='ltr'><strong>Rufo.</strong></span> 
     </span>
     <span class='ocr_line' id='line_1_13' title="bbox 398 1691 1138 1774; baseline 0 -19"><span class='ocrx_word' id='word_1_69' title='bbox 398 1695 433 1756; x_wconf 88' lang='lat' dir='ltr'><strong>Si</strong></span> <span class='ocrx_word' id='word_1_70' title='bbox 448 1691 579 1774; x_wconf 85' lang='lat' dir='ltr'><strong>gaudet,</strong></span> <span class='ocrx_word' id='word_1_71' title='bbox 601 1694 628 1752; x_wconf 86' lang='lat' dir='ltr'><strong>si</strong></span> <span class='ocrx_word' id='word_1_72' title='bbox 642 1693 721 1769; x_wconf 81' lang='lat' dir='ltr'><strong>flet,¹</strong></span> <span class='ocrx_word' id='word_1_73' title='bbox 737 1693 764 1751; x_wconf 87' lang='lat' dir='ltr'><strong>si</strong></span> <span class='ocrx_word' id='word_1_74' title='bbox 778 1697 877 1769; x_wconf 88' lang='lat' dir='ltr'><strong>tacet,</strong></span> <span class='ocrx_word' id='word_1_75' title='bbox 899 1693 978 1752; x_wconf 91' lang='lat' dir='ltr'><strong>hauc</strong></span> <span class='ocrx_word' id='word_1_76' title='bbox 991 1692 1138 1773; x_wconf 87' lang='lat' dir='ltr'><strong>loquitur.</strong></span> 
     </span>
     <span class='ocr_line' id='line_1_14' title="bbox 358 1771 1212 1857; baseline -0.002 -17"><span class='ocrx_word' id='word_1_77' title='bbox 358 1779 472 1855; x_wconf 82' lang='lat' dir='ltr'><strong>Cenat,</strong></span> <span class='ocrx_word' id='word_1_78' title='bbox 493 1771 656 1857; x_wconf 80' lang='lat' dir='ltr'><strong>propinat,</strong></span> <span class='ocrx_word' id='word_1_79' title='bbox 677 1776 794 1855; x_wconf 86' lang='lat' dir='ltr'><strong>poscit,</strong></span> <span class='ocrx_word' id='word_1_80' title='bbox 815 1781 926 1854; x_wconf 80' lang='lat' dir='ltr'><strong>negat,</strong></span> <span class='ocrx_word' id='word_1_81' title='bbox 947 1777 1064 1837; x_wconf 87' lang='lat' dir='ltr'><strong>innuit:</strong></span> <span class='ocrx_word' id='word_1_82' title='bbox 1088 1797 1148 1837; x_wconf 89' lang='lat' dir='ltr'><strong>uua</strong></span> <span class='ocrx_word' id='word_1_83' title='bbox 1164 1785 1212 1838; x_wconf 89' lang='lat' dir='ltr'><strong>est</strong></span> 
     </span>
     <span class='ocr_line' id='line_1_15' title="bbox 345 1859 1060 1936; baseline 0 -13"><span class='ocrx_word' id='word_1_84' title='bbox 345 1929 349 1935; x_wconf 56' lang='grc'><em>,</em></span> <span class='ocrx_word' id='word_1_85' title='bbox 398 1862 529 1935; x_wconf 81' lang='lat' dir='ltr'><strong>Naevia3</strong></span> <span class='ocrx_word' id='word_1_86' title='bbox 551 1861 654 1920; x_wconf 84' lang='lat' dir='ltr'><strong>sinon</strong></span> <span class='ocrx_word' id='word_1_87' title='bbox 669 1860 710 1919; x_wconf 89' lang='lat' dir='ltr'><strong>sit</strong></span> <span class='ocrx_word' id='word_1_88' title='bbox 724 1859 854 1936; x_wconf 83' lang='lat' dir='ltr'><strong>Naevia,</strong></span> <span class='ocrx_word' id='word_1_89' title='bbox 875 1865 976 1919; x_wconf 88' lang='lat' dir='ltr'><strong>mutus</strong></span> <span class='ocrx_word' id='word_1_90' title='bbox 990 1862 1060 1924; x_wconf 88' lang='lat' dir='ltr'><strong>erit.</strong></span> 
     </span>
     <span class='ocr_line' id='line_1_16' title="bbox 338 1940 1119 2025; baseline -0.006 -18"><span class='ocrx_word' id='word_1_91' title='bbox 338 1945 536 2025; x_wconf 82' lang='lat' dir='ltr'><strong>5Scripserat</strong></span> <span class='ocrx_word' id='word_1_92' title='bbox 548 1945 696 2005; x_wconf 89' lang='lat' dir='ltr'><strong>hesterna</strong></span> <span class='ocrx_word' id='word_1_93' title='bbox 709 1943 791 2022; x_wconf 88' lang='lat' dir='ltr'><strong>patri</strong></span> <span class='ocrx_word' id='word_1_94' title='bbox 806 1961 875 2002; x_wconf 90' lang='lat' dir='ltr'><strong>cum</strong></span> <span class='ocrx_word' id='word_1_95' title='bbox 888 1940 958 2004; x_wconf 86' lang='lat' dir='ltr'><strong>luce</strong></span> <span class='ocrx_word' id='word_1_96' title='bbox 975 1943 1119 2004; x_wconf 86' lang='lat' dir='ltr'><strong>salutem:</strong></span> 
     </span>
     <span class='ocr_line' id='line_1_17' title="bbox 399 2025 1136 2109; baseline -0.004 -20"><span class='ocrx_word' id='word_1_97' title='bbox 399 2029 538 2109; x_wconf 87' lang='lat' dir='ltr'><strong>„Naevia</strong></span> <span class='ocrx_word' id='word_1_98' title='bbox 550 2025 626 2087; x_wconf 83' lang='lat' dir='ltr'><strong>lux“</strong></span> <span class='ocrx_word' id='word_1_99' title='bbox 640 2028 742 2105; x_wconf 89' lang='lat' dir='ltr'><strong>inquit</strong></span> <span class='ocrx_word' id='word_1_100' title='bbox 755 2026 891 2104; x_wconf 81' lang='lat' dir='ltr'><strong>„Naevia</strong></span> <span class='ocrx_word' id='word_1_101' title='bbox 903 2026 1023 2103; x_wconf 83' lang='lat' dir='ltr'><strong>lumen,</strong></span> <span class='ocrx_word' id='word_1_102' title='bbox 1047 2027 1136 2088; x_wconf 85' lang='lat' dir='ltr'><strong>ave.“</strong></span> 
     </span>
     <span class='ocr_line' id='line_1_18' title="bbox 356 2109 1069 2190; baseline -0.004 -16"><span class='ocrx_word' id='word_1_103' title='bbox 356 2114 444 2174; x_wconf 87' lang='lat' dir='ltr'><strong>llaec</strong></span> <span class='ocrx_word' id='word_1_104' title='bbox 457 2111 539 2190; x_wconf 83' lang='lat' dir='ltr'><strong>legit</strong></span> <span class='ocrx_word' id='word_1_105' title='bbox 553 2117 586 2171; x_wconf 94' lang='lat' dir='ltr'><strong>et</strong></span> <span class='ocrx_word' id='word_1_106' title='bbox 600 2109 684 2171; x_wconf 87' lang='lat' dir='ltr'><strong>ridet</strong></span> <span class='ocrx_word' id='word_1_107' title='bbox 699 2109 833 2170; x_wconf 86' lang='lat' dir='ltr'><strong>demisso</strong></span> <span class='ocrx_word' id='word_1_108' title='bbox 847 2111 960 2171; x_wconf 88' lang='lat' dir='ltr'><strong>Naevia</strong></span> <span class='ocrx_word' id='word_1_109' title='bbox 975 2109 1069 2171; x_wconf 88' lang='lat' dir='ltr'><strong>voltu.</strong></span> 
     </span>
     <span class='ocr_line' id='line_1_19' title="bbox 397 2191 1187 2277; baseline -0.003 -19"><span class='ocrx_word' id='word_1_110' title='bbox 397 2197 515 2257; x_wconf 84' lang='lat' dir='ltr'><strong>Naevia</strong></span> <span class='ocrx_word' id='word_1_111' title='bbox 530 2213 593 2254; x_wconf 89' lang='lat' dir='ltr'><strong>non</strong></span> <span class='ocrx_word' id='word_1_112' title='bbox 607 2213 668 2254; x_wconf 91' lang='lat' dir='ltr'><strong>una</strong></span> <span class='ocrx_word' id='word_1_113' title='bbox 681 2200 746 2253; x_wconf 87' lang='lat' dir='ltr'><strong>est:</strong></span> <span class='ocrx_word' id='word_1_114' title='bbox 769 2191 859 2273; x_wconf 86' lang='lat' dir='ltr'><strong>qnid,</strong></span> <span class='ocrx_word' id='word_1_115' title='bbox 881 2196 928 2255; x_wconf 84' lang='lat' dir='ltr'><strong>vir</strong></span> <span class='ocrx_word' id='word_1_116' title='bbox 941 2196 1067 2277; x_wconf 84' lang='lat' dir='ltr'><strong>inepte,</strong></span> <span class='ocrx_word' id='word_1_117' title='bbox 1088 2193 1187 2256; x_wconf 69' lang='lat' dir='ltr'><strong>furis?</strong></span> 
     </span>
    </p>
   </div>
   <div class='ocr_carea' id='block_1_7' title="bbox 739 2329 846 2392">
    <p class='ocr_par' dir='ltr' id='par_1_8' title="bbox 739 2329 846 2392">
     <span class='ocr_line' id='line_1_20' title="bbox 739 2329 846 2392; baseline 0.037 -4"><span class='ocrx_word' id='word_1_118' title='bbox 739 2329 846 2392; x_wconf 82' lang='lat' dir='ltr'><strong>Lxlx.</strong></span> 
     </span>
    </p>
   </div>
   <div class='ocr_carea' id='block_1_8' title="bbox 357 2407 983 2588">
    <p class='ocr_par' dir='ltr' id='par_1_9' title="bbox 357 2407 983 2588">
     <span class='ocr_line' id='line_1_21' title="bbox 357 2407 983 2520; baseline -0.002 -18"><span class='ocrx_word' id='word_1_119' title='bbox 357 2407 489 2520; x_wconf 81' lang='lat' dir='ltr'><strong>Coepit,</strong></span> <span class='ocrx_word' id='word_1_120' title='bbox 508 2439 661 2516; x_wconf 85' lang='lat' dir='ltr'><strong>Maxime,</strong></span> <span class='ocrx_word' id='word_1_121' title='bbox 681 2439 765 2500; x_wconf 79' lang='lat' dir='ltr'><strong>Pana</strong></span> <span class='ocrx_word' id='word_1_122' title='bbox 779 2442 833 2520; x_wconf 92' lang='lat' dir='ltr'><strong>qui</strong></span> <span class='ocrx_word' id='word_1_123' title='bbox 847 2440 983 2520; x_wconf 77' lang='lat' dir='ltr'><strong>solebat,</strong></span> 
     </span>
     <span class='ocr_line' id='line_1_22' title="bbox 357 2521 954 2588; baseline 0.003 -2"><span class='ocrx_word' id='word_1_124' title='bbox 357 2526 447 2586; x_wconf 85' lang='lat' dir='ltr'><strong>Nunc</strong></span> <span class='ocrx_word' id='word_1_125' title='bbox 461 2521 631 2584; x_wconf 77' lang='lat' dir='ltr'><strong>ostendere</strong></span> <span class='ocrx_word' id='word_1_126' title='bbox 647 2524 775 2584; x_wconf 87' lang='lat' dir='ltr'><strong>Canium</strong></span> <span class='ocrx_word' id='word_1_127' title='bbox 790 2525 954 2588; x_wconf 82' lang='lat' dir='ltr'><strong>Tarentos.</strong></span> 
     </span>
    </p>
   </div>
   <div class='ocr_carea' id='block_1_9' title="bbox 744 2672 891 2735">
    <p class='ocr_par' dir='ltr' id='par_1_10' title="bbox 744 2672 891 2735">
     <span class='ocr_line' id='line_1_23' title="bbox 744 2672 891 2735; baseline 0.02 -3"><span class='ocrx_word' id='word_1_128' title='bbox 744 2672 839 2735; x_wconf 86' lang='lat' dir='ltr'>LXX.</span> <span class='ocrx_word' id='word_1_129' title='bbox 888 2682 891 2686; x_wconf 88' lang='grc'>’</span> 
     </span>
    </p>
   </div>
   <div class='ocr_carea' id='block_1_10' title="bbox 333 2782 1134 3784">
    <p class='ocr_par' dir='ltr' id='par_1_11' title="bbox 333 2782 1134 3784">
     <span class='ocr_line' id='line_1_24' title="bbox 358 2782 1097 2866; baseline 0 -17"><span class='ocrx_word' id='word_1_130' title='bbox 358 2784 446 2849; x_wconf 87' lang='lat' dir='ltr'><strong>Vade</strong></span> <span class='ocrx_word' id='word_1_131' title='bbox 462 2782 625 2844; x_wconf 88' lang='lat' dir='ltr'><strong>salutatum</strong></span> <span class='ocrx_word' id='word_1_132' title='bbox 638 2804 696 2865; x_wconf 88' lang='lat' dir='ltr'><strong>pro</strong></span> <span class='ocrx_word' id='word_1_133' title='bbox 712 2803 777 2865; x_wconf 86' lang='lat' dir='ltr'><strong>me,</strong></span> <span class='ocrx_word' id='word_1_134' title='bbox 798 2784 896 2866; x_wconf 87' lang='lat' dir='ltr'><strong>liber:</strong></span> <span class='ocrx_word' id='word_1_135' title='bbox 917 2787 964 2846; x_wconf 85' lang='lat' dir='ltr'><strong>ire</strong></span> <span class='ocrx_word' id='word_1_136' title='bbox 980 2787 1097 2849; x_wconf 85' lang='lat' dir='ltr'><strong>iuberis</strong></span> 
     </span>
     <span class='ocr_line' id='line_1_25' title="bbox 398 2867 1038 2948; baseline 0.006 -19"><span class='ocrx_word' id='word_1_137' title='bbox 398 2867 451 2929; x_wconf 83' lang='lat' dir='ltr'><strong>Ad</strong></span> <span class='ocrx_word' id='word_1_138' title='bbox 464 2867 593 2928; x_wconf 86' lang='lat' dir='ltr'><strong>Proculi</strong></span> <span class='ocrx_word' id='word_1_139' title='bbox 607 2868 742 2947; x_wconf 82' lang='lat' dir='ltr'><strong>nitidos,</strong></span> <span class='ocrx_word' id='word_1_140' title='bbox 765 2869 923 2948; x_wconf 82' lang='lat' dir='ltr'><strong>officiose,</strong></span> <span class='ocrx_word' id='word_1_141' title='bbox 943 2868 1038 2935; x_wconf 86' lang='lat' dir='ltr'><strong>lares.</strong></span> 
     </span>
     <span class='ocr_line' id='line_1_26' title="bbox 357 2950 1126 3031; baseline 0.007 -19"><span class='ocrx_word' id='word_1_142' title='bbox 357 2952 491 3031; x_wconf 73' lang='lat' dir='ltr'><strong>Quaeris</strong></span> <span class='ocrx_word' id='word_1_143' title='bbox 505 2952 584 3031; x_wconf 84' lang='lat' dir='ltr'><strong>iter,</strong></span> <span class='ocrx_word' id='word_1_144' title='bbox 607 2950 720 3012; x_wconf 86' lang='lat' dir='ltr'><strong>dicam:</strong></span> <span class='ocrx_word' id='word_1_145' title='bbox 741 2954 874 3013; x_wconf 88' lang='lat' dir='ltr'><strong>vicinum</strong></span> <span class='ocrx_word' id='word_1_146' title='bbox 889 2954 1017 3014; x_wconf 81' lang='lat' dir='ltr'><strong>Castora</strong></span> <span class='ocrx_word' id='word_1_147' title='bbox 1032 2975 1126 3018; x_wconf 89' lang='lat' dir='ltr'><strong>canae</strong></span> 
     </span>
     <span class='ocr_line' id='line_1_27' title="bbox 400 3035 1093 3116; baseline 0.004 -21"><span class='ocrx_word' id='word_1_148' title='bbox 400 3036 566 3096; x_wconf 87' lang='lat' dir='ltr'><strong>Transibis</strong></span> <span class='ocrx_word' id='word_1_149' title='bbox 582 3035 697 3098; x_wconf 83' lang='lat' dir='ltr'><strong>Vestae</strong></span> <span class='ocrx_word' id='word_1_150' title='bbox 711 3037 941 3116; x_wconf 86' lang='lat' dir='ltr'><strong>virgineamque</strong></span> <span class='ocrx_word' id='word_1_151' title='bbox 955 3037 1093 3114; x_wconf 82' lang='lat' dir='ltr'><strong>domum3</strong></span> 
     </span>
     <span class='ocr_line' id='line_1_28' title="bbox 339 3118 1079 3201; baseline 0.004 -21"><span class='ocrx_word' id='word_1_152' title='bbox 339 3118 438 3180; x_wconf 73' lang='lat' dir='ltr'><strong>tlnde</strong></span> <span class='ocrx_word' id='word_1_153' title='bbox 453 3137 543 3178; x_wconf 87' lang='lat' dir='ltr'><strong>sacro</strong></span> <span class='ocrx_word' id='word_1_154' title='bbox 557 3118 733 3179; x_wconf 83' lang='lat' dir='ltr'><strong>veneranda</strong></span> <span class='ocrx_word' id='word_1_155' title='bbox 745 3126 836 3199; x_wconf 83' lang='lat' dir='ltr'><strong>petes</strong></span> <span class='ocrx_word' id='word_1_156' title='bbox 850 3120 970 3180; x_wconf 85' lang='lat' dir='ltr'><strong>Palatia</strong></span> <span class='ocrx_word' id='word_1_157' title='bbox 985 3122 1079 3201; x_wconf 83' lang='lat' dir='ltr'><strong>clivo,</strong></span> 
     </span>
     <span class='ocr_line' id='line_1_29' title="bbox 400 3201 1077 3284; baseline 0.006 -21"><span class='ocrx_word' id='word_1_158' title='bbox 400 3201 540 3263; x_wconf 90' lang='lat' dir='ltr'><strong>Plurima</strong></span> <span class='ocrx_word' id='word_1_159' title='bbox 559 3221 619 3281; x_wconf 88' lang='lat' dir='ltr'><strong>qua</strong></span> <span class='ocrx_word' id='word_1_160' title='bbox 632 3205 740 3263; x_wconf 89' lang='lat' dir='ltr'><strong>summi</strong></span> <span class='ocrx_word' id='word_1_161' title='bbox 754 3203 854 3283; x_wconf 83' lang='lat' dir='ltr'><strong>fulget</strong></span> <span class='ocrx_word' id='word_1_162' title='bbox 867 3206 966 3284; x_wconf 80' lang='lat' dir='ltr'><strong>imago</strong></span> <span class='ocrx_word' id='word_1_163' title='bbox 982 3205 1077 3268; x_wconf 83' lang='lat' dir='ltr'><strong>ducis.</strong></span> 
     </span>
     <span class='ocr_line' id='line_1_30' title="bbox 359 3285 970 3349; baseline 0.003 -2"><span class='ocrx_word' id='word_1_164' title='bbox 359 3287 472 3347; x_wconf 87' lang='lat' dir='ltr'><strong>Necte</strong></span> <span class='ocrx_word' id='word_1_165' title='bbox 487 3285 626 3347; x_wconf 89' lang='lat' dir='ltr'><strong>detineat</strong></span> <span class='ocrx_word' id='word_1_166' title='bbox 640 3288 712 3347; x_wconf 88' lang='lat' dir='ltr'><strong>miri</strong></span> <span class='ocrx_word' id='word_1_167' title='bbox 725 3287 843 3348; x_wconf 88' lang='lat' dir='ltr'><strong>radiata</strong></span> <span class='ocrx_word' id='word_1_168' title='bbox 858 3289 970 3349; x_wconf 91' lang='lat' dir='ltr'><strong>colossi</strong></span> 
     </span>
     <span class='ocr_line' id='line_1_31' title="bbox 401 3370 1134 3451; baseline 0.005 -23"><span class='ocrx_word' id='word_1_169' title='bbox 401 3371 488 3446; x_wconf 82' lang='lat' dir='ltr'><strong>Quae</strong></span> <span class='ocrx_word' id='word_1_170' title='bbox 501 3370 655 3431; x_wconf 89' lang='lat' dir='ltr'><strong>Rhodium</strong></span> <span class='ocrx_word' id='word_1_171' title='bbox 669 3370 768 3431; x_wconf 89' lang='lat' dir='ltr'><strong>moles</strong></span> <span class='ocrx_word' id='word_1_172' title='bbox 781 3373 907 3432; x_wconf 86' lang='lat' dir='ltr'><strong>vincere</strong></span> <span class='ocrx_word' id='word_1_173' title='bbox 921 3370 1034 3450; x_wconf 82' lang='lat' dir='ltr'><strong>gaudet</strong></span> <span class='ocrx_word' id='word_1_174' title='bbox 1049 3390 1134 3451; x_wconf 88' lang='lat' dir='ltr'><strong>opus.</strong></span> 
     </span>
     <span class='ocr_line' id='line_1_32' title="bbox 360 3454 1115 3535; baseline 0 -21"><span class='ocrx_word' id='word_1_175' title='bbox 360 3454 470 3514; x_wconf 83' lang='lat' dir='ltr'><strong>Flecte</strong></span> <span class='ocrx_word' id='word_1_176' title='bbox 483 3455 546 3513; x_wconf 89' lang='lat' dir='ltr'><strong>vias</strong></span> <span class='ocrx_word' id='word_1_177' title='bbox 560 3455 619 3514; x_wconf 93' lang='lat' dir='ltr'><strong>hac</strong></span> <span class='ocrx_word' id='word_1_178' title='bbox 634 3474 693 3533; x_wconf 89' lang='lat' dir='ltr'><strong>qna</strong></span> <span class='ocrx_word' id='word_1_179' title='bbox 707 3455 821 3515; x_wconf 88' lang='lat' dir='ltr'><strong>madidi</strong></span> <span class='ocrx_word' id='word_1_180' title='bbox 837 3462 909 3515; x_wconf 90' lang='lat' dir='ltr'><strong>sunt</strong></span> <span class='ocrx_word' id='word_1_181' title='bbox 922 3461 1004 3535; x_wconf 79' lang='lat' dir='ltr'><strong>tecta</strong></span> <span class='ocrx_word' id='word_1_182' title='bbox 1020 3455 1115 3533; x_wconf 86' lang='lat' dir='ltr'><strong>Lyaei</strong></span> 
     </span>
     <span class='ocr_line' id='line_1_33' title="bbox 333 3535 1075 3618; baseline 0.009 -23"><span class='ocrx_word' id='word_1_183' title='bbox 333 3545 359 3597; x_wconf 81' lang='lat' dir='ltr'><strong>lt</strong></span> <span class='ocrx_word' id='word_1_184' title='bbox 403 3539 445 3597; x_wconf 83' lang='lat' dir='ltr'><strong>Et</strong></span> <span class='ocrx_word' id='word_1_185' title='bbox 460 3535 595 3616; x_wconf 81' lang='lat' dir='ltr'><strong>Cybeles</strong></span> <span class='ocrx_word' id='word_1_186' title='bbox 611 3540 695 3618; x_wconf 87' lang='lat' dir='ltr'><strong>picto</strong></span> <span class='ocrx_word' id='word_1_187' title='bbox 711 3545 772 3597; x_wconf 86' lang='lat' dir='ltr'><strong>stat</strong></span> <span class='ocrx_word' id='word_1_188' title='bbox 787 3540 964 3617; x_wconf 84' lang='lat' dir='ltr'><strong>Corybante</strong></span> <span class='ocrx_word' id='word_1_189' title='bbox 977 3543 1075 3602; x_wconf 88' lang='lat' dir='ltr'><strong>torus.</strong></span> 
     </span>
     <span class='ocr_line' id='line_1_34' title="bbox 364 3620 1071 3682; baseline 0.003 -2"><span class='ocrx_word' id='word_1_190' title='bbox 364 3621 508 3681; x_wconf 84' lang='lat' dir='ltr'><strong>Protinus</strong></span> <span class='ocrx_word' id='word_1_191' title='bbox 524 3641 540 3680; x_wconf 91' lang='lat' dir='ltr'><strong>a</strong></span> <span class='ocrx_word' id='word_1_192' title='bbox 554 3620 640 3682; x_wconf 84' lang='lat' dir='ltr'><strong>la‘eva</strong></span> <span class='ocrx_word' id='word_1_193' title='bbox 654 3620 731 3681; x_wconf 88' lang='lat' dir='ltr'><strong>clari</strong></span> <span class='ocrx_word' id='word_1_194' title='bbox 748 3623 806 3682; x_wconf 90' lang='lat' dir='ltr'><strong>tibi</strong></span> <span class='ocrx_word' id='word_1_195' title='bbox 819 3622 923 3682; x_wconf 85' lang='lat' dir='ltr'><strong>fronte</strong></span> <span class='ocrx_word' id='word_1_196' title='bbox 938 3623 1071 3682; x_wconf 86' lang='lat' dir='ltr'><strong>Penates</strong></span> 
     </span>
     <span class='ocr_line' id='line_1_35' title="bbox 407 3704 1082 3784; baseline 0.006 -20"><span class='ocrx_word' id='word_1_197' title='bbox 407 3705 555 3784; x_wconf 83' lang='lat' dir='ltr'><strong>Atriaque</strong></span> <span class='ocrx_word' id='word_1_198' title='bbox 571 3704 712 3766; x_wconf 75' lang='lat' dir='ltr'><strong>excelsae</strong></span> <span class='ocrx_word' id='word_1_199' title='bbox 726 3711 798 3766; x_wconf 88' lang='lat' dir='ltr'><strong>suut</strong></span> <span class='ocrx_word' id='word_1_200' title='bbox 812 3705 951 3765; x_wconf 88' lang='lat' dir='ltr'><strong>adeunda</strong></span> <span class='ocrx_word' id='word_1_201' title='bbox 965 3704 1082 3769; x_wconf 89' lang='lat' dir='ltr'><strong>domus.</strong></span> 
     </span>
    </p>
   </div>
   <div class='ocr_carea' id='block_1_11' title="bbox 0 0 1645 4409">
    <p class='ocr_par' dir='ltr' id='par_1_12' title="bbox 0 0 1645 4409">
     <span class='ocr_line' id='line_1_36' title="bbox 0 0 1645 4409; baseline 0 0"><span class='ocrx_word' id='word_1_202' title='bbox 0 0 1645 4409; x_wconf 95' lang='lat' dir='ltr'><strong> </strong></span> 
     </span>
    </p>
   </div>
  </div>
 </body>
</html>
