3267 4409
330 493 360 532 vr
521 472 524 477 ’
710 475 972 536 PRAEFATIO.

332 633 437 684 serunt.
478 627 553 683 Libri
569 632 595 696 8,
613 630 639 696 l,
656 631 675 686 4
690 628 772 684 ΑΒΕ
786 627 874 684 Canna
889 633 982 685 tacere
994 633 1093 700 potest,
1111 629 1165 686 XC
1178 630 1268 687 dicere
1280 630 1366 689 Cinna

324 716 425 786 poan,
437 717 466 766 ut
476 716 622 783 utrumque
633 713 661 766 in
676 713 828 784 archetypo
842 713 928 768 luisse
941 714 1102 784 suspieerIs.
1138 713 1220 770 Solus
1237 715 1266 770 E
1280 721 1306 782 5,
1322 721 1365 783 14,

330 801 363 854 11
376 794 512 867 Ictaque,
532 797 673 867 areliquis
689 797 767 852 varie
780 796 972 868 depravatum,
985 798 1125 852 sincerum
1137 799 1242 853 obtulit.
1276 797 1363 853 Corri-

329 879 416 951 gendi
431 880 578 935 conamina
588 896 703 952 perrara
718 886 795 935 sunt:
807 880 912 935 nullum
923 881 1025 936 clarius
1038 897 1121 951 quarn
1134 884 1160 949 9,
1172 887 1198 950 2,
1209 887 1226 940 2
1261 886 1267 891 “

575 964 613 1019 Εἰ
627 965 748 1041 queritur
764 962 797 1018 de
808 969 833 1020 tc
843 965 963 1019 mentula
974 965 1032 1019 eota
1046 964 1122 1018 nibil.

328 1045 381 1102 Ubi
396 1063 460 1101 cum
471 1047 499 1101 in
510 1047 616 1120 n’ABe
627 1047 699 1102 desit
707 1047 774 1116 eota,
793 1046 878 1102 eredo
892 1046 967 1118 quod
983 1048 1011 1100 in
1030 1047 1183 1118 archetypo
1200 1047 1295 1102 nescio
1310 1064 1364 1118 quo

330 1146 400 1186 casu
426 1130 582 1198 exciderat,
604 1125 632 1187 dl
647 1131 787 1201 supplevit
804 1131 902 1202 dipna,
927 1131 1026 1202 reliqui
1041 1138 1152 1202 praeter
1168 1131 1321 1185 PalatInnm
1339 1138 1366 1186 ct

327 1213 558 1277 Arondellianum
569 1211 660 1282 (PQ),
680 1215 726 1286 qui
745 1215 821 1287 quod
838 1213 956 1270 dederat
971 1220 1055 1286 poeta
1069 1217 1129 1272 sota
1145 1213 1364 1283 custodiverunt‚

309 1366 312 1375 .
328 1297 417 1353 lacem
435 1315 501 1354 ecee
512 1297 541 1352 E
553 1303 658 1352 nostra.

390 1382 496 1435 Verum
508 1395 571 1436 eum
582 1381 612 1435 id
627 1380 703 1452 quod
713 1397 769 1436 non
781 1381 981 1438 infructuosum
997 1384 1086 1438 luerat
1095 1381 1156 1437 ficri
1167 1382 1223 1436 iam
1233 1397 1289 1435 non
1299 1397 1365 1451 pos·

328 1463 372 1531 sit,
390 1470 420 1518 ut
435 1463 656 1536 Edinburgensis
674 1466 827 1536 scripturae
844 1468 872 1520 in
890 1483 1000 1521 omnem
1017 1467 1137 1521 familiae
1153 1465 1365 1537 perpetuitatem

252 1601 263 1614 ,
281 1568 285 1576 ·
327 1547 547 1603 testimoniorum
557 1549 680 1620 iIIIgatae
697 1548 734 1604 ad
749 1549 973 1622 investigandam
991 1550 1145 1604 communis
1163 1549 1288 1619 parentis
1307 1563 1365 1601 ma-

326 1646 397 1684 num
412 1631 622 1688 adhiberentur:
645 1648 774 1688 seorsum
790 1649 947 1705 proponere
966 1634 1029 1688 libri
1048 1633 1197 1704 scripturas
1215 1632 1365 1686 maximam

326 1720 435 1784 partem
452 1715 565 1770 aliunde
583 1721 663 1771 notas
675 1731 732 1770 non
742 1716 836 1770 visum
850 1733 953 1787 operae
968 1723 1021 1771 est.
1065 1715 1136 1771 Illud
1159 1716 1260 1770 faciam
1282 1714 1312 1770 h.
1334 1716 1363 1782 1.,

326 1803 364 1865 ut,
382 1814 436 1868 quo
452 1799 521 1854 nihil
538 1799 576 1855 ad
593 1801 702 1871 penitus
720 1799 902 1870 aperiendam
919 1801 981 1855 libri
1000 1799 1123 1855 indolem
1140 1799 1282 1854 efficacius
1299 1814 1364 1852 esse

324 1886 431 1951 potest,
460 1883 623 1954 consignem
645 1884 796 1954 scripturas
819 1882 973 1938 eorundem
990 1885 1115 1938 locorum
1137 1900 1207 1954 quae
1227 1899 1256 1954 p.
1279 1880 1365 1937 CXXI

325 1964 504 2034 perlustravi.
539 1967 615 2034 Quas
628 1967 706 2022 euius
719 1968 834 2022 Interest
845 1967 1016 2038 comparabit
1027 1982 1090 2022 cum
1101 1968 1269 2037 reIIquorurn
1282 1967 1364 2019 libro-

325 2063 387 2103 rum
402 2049 577 2127 lectionibus.
620 2057 647 2108 1.
670 2051 745 2106 Libr.
756 2056 781 2120 3,
793 2055 865 2119 23,1
882 2057 911 2106 ut
926 2050 1015 2106 XAG.
1051 2056 1078 2109 2.
1099 2057 1125 2114 3,
1141 2055 1183 2117 18,
1195 2055 1213 2107 2
1226 2055 1256 2103 ut
1270 2047 1363 2103 ΧΑΒ.

324 2135 352 2190 3.
369 2135 395 2199 4,
409 2132 614 2201 arum.
658 2139 685 2193 4.
703 2138 730 2202 4,
742 2135 987 2206 aeutXABpr.
1002 2134 1033 2190 G.
1068 2141 1094 2192 5.
1112 2139 1138 2201 3,
1151 2130 1366 2201 68,701ΧΑο.

324 2219 352 2273 6.
366 2219 392 2282 8,
405 2219 476 2283 78,2
482 2233 588 2288 pompe
607 2217 675 2274 llaec
692 2223 761 2274 tuos.
799 2221 826 2276 7.
848 2223 874 2286 8,
888 2221 1003 2286 73,1ut
1017 2216 1132 2274 XABG.
1168 2221 1195 2275 8.
1214 2219 1240 2284 9,
1251 2215 1365 2282 aeaut

325 2297 389 2352 ΧΑ.
422 2302 449 2357 9.
463 2306 504 2367 ll,
516 2304 633 2367 20430
643 2316 748 2373 qnoque
758 2303 798 2356 nti
805 2298 914 2372 fatuam
924 2306 1009 2370 recte,
1021 2317 1085 2355 nam
1096 2301 1130 2355 X
1138 2304 1169 2355 ut
1178 2299 1296 2369 futuam.
1324 2300 1363 2355 9⁴.

325 2387 369 2449 ll,
380 2385 424 2449 45,
436 2388 452 2439 5
466 2384 669 2455 accepieorimcct
679 2389 708 2439 ut
720 2385 777 2437 lere
788 2384 814 2438 Α
821 2383 854 2439 V.
889 2390 933 2442 10.
950 2391 994 2452 11,
1005 2388 1048 2451 46,
1063 2389 1079 2440 5
1090 2384 1123 2439 ab
1136 2382 1276 2436 erroribus
1291 2386 1363 2434 cete-

325 2479 420 2519 rorum
431 2467 515 2521 cavit.
547 2472 590 2524 11.
608 2474 650 2535 10,
662 2473 706 2535 20,
718 2473 736 2526 3
746 2471 776 2522 ut
788 2465 853 2522 ΧΑ.
886 2471 929 2524 12.
946 2471 972 2535 9,
987 2473 1030 2534 20,
1043 2469 1059 2524 7
1076 2465 1148 2523 Cure
1158 2478 1242 2520 caere
1254 2479 1317 2517 curn
1327 2462 1362 2516 Α.

324 2551 368 2604 13.
391 2552 418 2615 4,
430 2553 474 2616 26,
489 2552 506 2605 3
526 2549 655 2606 Triccnoe
667 2555 737 2621 puto
748 2551 787 2605 bie
800 2550 858 2617 (vis
868 2549 907 2615 Α)
918 2549 1002 2605 denos
1016 2555 1058 2604 ter
1069 2554 1137 2620 pato
1151 2556 1274 2604 nummos
1285 2552 1313 2600 ut
1323 2546 1363 2600 X.

324 2635 368 2689 14.
378 2635 404 2699 4,
417 2637 460 2699 53,
473 2637 489 2692 6
502 2631 553 2688 Cui
560 2632 637 2688 datos
649 2633 744 2703 (datus
756 2632 810 2688 ΧΑ
817 2650 868 2704 pr.
882 2633 923 2699 B)
938 2634 1030 2687 latret.
1061 2637 1104 2691 15.
1117 2639 1158 2700 10,
1171 2636 1215 2699 45,
1227 2635 1244 2688 3
1259 2635 1288 2684 ut
1297 2628 1363 2683 XA.

324 2717 368 2773 16.
383 2718 409 2782 3,
422 2721 465 2782 50,
477 2721 494 2772 5
499 2721 632 2788 perpetor
642 2733 706 2772 eum
719 2716 745 2774 Α
752 2733 802 2788 pr.
814 2716 852 2771 B.
885 2718 929 2774 17.
947 2720 989 2784 14,
1000 2719 1044 2784 34,
1057 2722 1072 2774 1
1089 2716 1165 2771 Fata
1175 2729 1217 2769 me
1228 2719 1304 2768 certa
1314 2712 1362 2766 do-

324 2799 365 2852 cic
370 2797 499 2869 placidos
510 2801 641 2856 cuneavit
653 2802 683 2856 in
693 2814 767 2865 aeus,
783 2801 841 2855 lere
853 2803 883 2853 ut
893 2798 957 2855 ΧΑ.
989 2803 1033 2857 18.
1047 2803 1073 2866 3,
1087 2803 1129 2867 19,
1143 2803 1160 2856 3
1178 2814 1233 2852 non
1253 2799 1363 2851 aberra·
1396 2811 1399 2816 ·

322 2881 364 2935 vit
375 2897 439 2936 cum
449 2883 575 2954 reliquis.
608 2887 651 2942 19.
663 2889 690 2949 3,
700 2889 745 2951 20,
756 2887 791 2942 15
802 2882 846 2937 An
858 2882 999 2954 impudicis
1016 2884 1044 2937 in
1055 2897 1098 2949 eo,
1115 2897 1203 2953 prope
1223 2879 1363 2936 accedens

323 2963 361 3019 ad
374 2964 464 3022 XAG.
494 2972 545 3025 20..
552 2966 579 3035 9,
592 2966 725 3035 1,1Note
734 2965 826 3024 &abab
837 2981 900 3023 cum
910 2965 997 3023 Aac.
1028 2966 1104 3022 Haec
1114 2966 1265 3022 haetenus:
1279 2980 1363 3034 quae·

324 3047 390 3103 dam
406 3049 461 3104 alia
472 3049 544 3105 intra
554 3049 643 3122 tetigt.

387 3131 518 3189 Secundo
539 3134 602 3190 loco
619 3130 805 3188 nominandus
827 3138 870 3190 est
886 3133 975 3190 corten
997 3132 1203 3204 Enccrptornm
1218 3131 1365 3188 Panaenus

322 3213 388 3282 (Ν),
403 3217 449 3286 qui
462 3217 512 3272 tuit
522 3217 551 3272 in
561 3217 638 3273 libris
652 3232 738 3272 manu
751 3217 863 3288 scriptis
875 3218 919 3285 iis,
936 3218 982 3288 qui
997 3218 1100 3272 recenti
1118 3221 1242 3287 tempore
1258 3220 1322 3270 sunt
1335 3215 1364 3269 in

321 3298 519 3355 bibliothecam
529 3302 670 3370 publicam
684 3300 766 3368 illati,
786 3301 969 3372 investigatus
982 3301 1089 3355 aFrid.
1101 3300 1247 3356 Dnebncro
1258 3302 1363 3354 nostro.

322 3381 419 3450 Liber,
437 3383 504 3438 olim
519 3384 704 3440 bibliothecae
721 3382 983 3452 Nostradamensis,
1001 3385 1128 3456 signatus
1140 3400 1182 3439 nr.
1194 3387 1261 3451 188,
1278 3397 1364 3436 mem-

321 3466 487 3534 branaceus,
501 3483 578 3523 saec.
589 3467 651 3523 xm
662 3483 717 3522 non
728 3468 842 3524 interior
851 3472 996 3538 poetarum
1007 3470 1189 3540 complurium
1201 3466 1285 3521 flores
1298 3481 1364 3520 con-

323 3549 405 3614 tInet:
427 3565 545 3620 quorum
562 3566 616 3623 ego
639 3551 793 3608 Ovidianos
813 3552 880 3605 olim
900 3551 977 3623 attigi
994 3552 1068 3608 Nov.
1082 3553 1155 3608 Mus.
1174 3550 1264 3606 Rhcn.
1275 3548 1321 3616 ΙΙΙ,
1332 3563 1362 3618 p.

323 3637 383 3700 144,
404 3632 576 3690 Tibullianos
592 3634 757 3706 propediem
772 3636 800 3689 ln
811 3634 957 3706 Philologo
970 3634 1096 3690 daturus.
1140 3635 1215 3690 Haec
1234 3650 1287 3705 ego
1305 3648 1364 3686 ome

319 3716 368 3770 ula
379 3716 459 3772 nnc.
470 3717 611 3774 Dnebnem'
620 3719 757 3774 amicitiae
770 3724 884 3789 accepta
895 3720 997 3773 retem.
1030 3721 1168 3789 Excerpta
1183 3722 1273 3772 autem
1289 3716 1363 3771 Mar-

305 3793 385 3849 tialis
403 3800 462 3854 etsi
474 3800 600 3859 redeunt
613 3801 653 3859 ad
666 3803 768 3860 librum
784 3802 905 3863 familiae
924 3801 958 3860 0²
970 3819 1027 3858 non
1045 3805 1179 3876 optimum
1190 3802 1310 3874 aliquem
1319 3826 1363 3839 —-
