3267 4409
684 432 809 481 sauma
829 431 864 482 X·

251 582 252 587 ’
291 576 378 641 liaeo
400 572 469 637 alata
490 588 586 653 poena
611 566 659 633 din
682 572 862 649 viventibus,
887 582 918 634 nt
939 584 1078 635 renouata

292 664 425 741 Semper
450 656 535 719 clatle
561 656 662 717 donnus
688 657 783 717 multis
805 659 833 717 iu
855 656 978 717 luctibus
1001 659 1088 737 iuque

290 746 448 825 Perpetuo
473 757 605 802 maerore
628 749 657 802 et
678 742 758 819 nigra
781 750 866 801 veste
888 752 1052 801 senescant.
1234 758 1285 809 245

289 830 362 893 Rex
391 826 506 904 Pylius,
533 842 637 901 magno
663 825 686 885 si
713 825 867 904 quidquam
890 824 986 885 credis
1009 825 1146 902 Homero,

289 909 474 991 Exemplum
499 910 576 970 vitae
598 908 684 970 inita
707 910 826 969 cornice
851 908 1006 969 secundae.

290 996 387 1061 ttettx
409 994 556 1069 nimirum,
581 992 630 1073 qui
652 1001 694 1053 tot
717 1011 770 1071 per
792 994 894 1053 secula
919 1003 1041 1053 mortem

292 1077 420 1143 Distulit
446 1086 534 1157 atque
559 1094 628 1136 suos
654 1079 708 1138 iam
732 1077 834 1137 (lextra
857 1086 1003 1156 computat
1024 1074 1125 1156 annos,

293 1164 418 1245 Quique
440 1178 545 1221 novum
567 1160 653 1221 toties
675 1170 795 1222 mustum
822 1160 903 1221 bibit.
935 1160 1011 1238 0ro,
1035 1180 1191 1242 parumper
1233 1177 1285 1228 250

292 1247 461 1323 Attendas,
486 1253 620 1325 quantum
646 1244 682 1305 de
713 1244 827 1323 legibus
850 1248 914 1325 ipse
937 1255 1073 1323 queratur

292 1334 439 1397 Fatorum
462 1337 492 1389 et
516 1329 602 1389 nimio
623 1328 660 1389 (le
683 1330 820 1405 stamine,
841 1347 925 1407 quum
945 1330 1024 1391 videt
1045 1334 1121 1391 acris

293 1413 451 1485 Antilochi
472 1412 591 1474 barbam
614 1413 779 1487 ardentem,
807 1431 891 1490 quum
914 1414 1026 1492 quaerit
1047 1414 1084 1475 ab
1108 1419 1184 1478 omui

295 1498 442 1578 Quisquis
479 1496 562 1558 adest
588 1498 701 1573 socius,
725 1515 777 1557 our
799 1496 873 1558 haec
894 1498 922 1556 iu
944 1506 1076 1577 tempora
1100 1500 1195 1579 duret,

295 1582 388 1660 Quod
411 1582 524 1643 lacinus
544 1580 658 1657 dignum
682 1590 738 1641 tam
761 1580 850 1660 longo
873 1581 1020 1642 admiserit
1042 1582 1140 1645 aevo?
1237 1596 1287 1649 255

294 1668 383 1731 llaec
411 1666 514 1727 eadem
538 1662 661 1741 Peleus,
684 1673 795 1745 raptum
822 1684 907 1745 quum
930 1666 1012 1745 luget
1037 1667 1191 1748 Achillem,

295 1752 401 1834 Atque
425 1749 515 1825 alius,
546 1750 591 1809 cui
613 1748 658 1809 las
682 1748 808 1810 ltlracum
833 1750 937 1828 lugere
959 1760 1111 1813 natantem.

295 1834 445 1899 Incolumi
468 1832 555 1893 Troia
578 1831 706 1893 Priamus
727 1833 857 1894 venisset
882 1834 918 1896 ad
940 1834 1057 1897 umbras

295 1918 443 1983 Assaraci
464 1918 575 1995 magnis
598 1916 803 1994 sollemnibus,
825 1917 954 1978 llectore
978 1919 1063 1979 lanus

296 2005 440 2067 Portante
461 2018 497 2062 ac
518 2000 638 2081 reliquis
659 2000 777 2062 lratium
803 2002 967 2063 cervicibus
988 2004 1064 2062 iuter
1236 2014 1287 2067 260

296 2086 424 2151 lliatluna
449 2083 597 2161 lacrimas,
624 2094 654 2145 ut
678 2085 784 2164 primos
810 2086 900 2147 edere
921 2086 1055 2166 planctus

299 2168 469 2235 Cassandra
491 2168 634 2249 inciperet
657 2171 808 2249 scissaque
832 2169 980 2247 Polyxena
1004 2169 1092 2249 palla,

298 2258 333 2319 si
361 2254 441 2315 ioret
463 2254 621 2315 exstinctus
648 2253 765 2313 diverso
789 2264 939 2334 tempore,
961 2271 1020 2335 quo
1042 2270 1099 2313 non

300 2338 455 2418 Coeperat
476 2337 602 2398 audaces
624 2337 705 2399 Paris
725 2338 880 2399 aedificare
904 2340 1026 2400 carinas.

298 2422 405 2501 houqa
429 2420 492 2481 alies
517 2422 602 2499 igitur
624 2422 692 2501 quid
714 2420 854 2483 contulit?
877 2424 971 2484 omnia
992 2421 1063 2482 uidit
1238 2432 1290 2486 265

299 2507 421 2570 Eversa
442 2514 472 2565 et
494 2504 612 2566 llammis
632 2504 731 2566 Asiam
757 2506 897 2585 ferroque
920 2507 1080 2569 cadentem.

301 2592 388 2655 'lunc
408 2588 492 2650 miles
516 2588 777 2668 tremulusqosita
800 2590 865 2651 tulit
887 2610 966 2653 arma
993 2593 1065 2653 tiara

301 2675 342 2739 Et
366 2674 423 2735 ruit
443 2682 509 2733 ante
531 2691 609 2734 aram
632 2675 732 2734 summi
756 2674 851 2751 lovis,
874 2684 906 2737 ut
929 2676 1044 2737 vetulus
1066 2674 1132 2751 bos,

303 2758 363 2835 Qui
388 2756 494 2819 domini
517 2758 616 2818 cultris
639 2768 725 2818 tenue
752 2768 782 2819 et
803 2759 970 2820 miserabile
995 2759 1101 2820 collum

302 2840 449 2917 Praebet,
476 2841 511 2902 ab
535 2843 648 2920 ingrato
670 2844 724 2903 iam
749 2843 893 2905 fastiditus
918 2851 1023 2906 aratro.
1238 2848 1292 2903 270

302 2926 411 2989 llxitus
433 2926 483 2987 ille
505 2935 659 3006 utcumque
682 2925 823 3003 hominis,
848 2928 901 2988 sed
923 2937 1005 2988 torva
1027 2926 1129 2985 canino

302 3011 434 3075 monuit
454 3010 544 3086 rictu,
568 3029 644 3089 quae
666 3021 734 3089 post
754 3012 831 3072 huuc
851 3013 980 3089 uixerat,
1002 3026 1087 3070 uxor.

302 3096 428 3159 Festino
451 3094 623 3154 adnostros
647 3103 677 3155 et
702 3114 802 3173 regem
824 3104 942 3156 transeo
964 3095 1046 3156 Ponti

303 3180 345 3243 llt
367 3176 524 3254 Croesum,
549 3197 634 3257 quem
658 3197 717 3240 vox
739 3181 805 3239 iusti
826 3179 949 3240 facunda
973 3179 1089 3240 Solonis

303 3263 472 3342 Respicere
493 3262 528 3323 aul
552 3262 658 3340 longae
680 3265 761 3325 iussit
783 3265 876 3342 spatia
898 3263 995 3323 ultima
1018 3264 1105 3322 sitae.
1239 3268 1291 3322 275

303 3347 435 3411 Exilium
459 3354 489 3406 et
510 3364 613 3407 carcer
632 3347 894 3426 hliuturuarumque
918 3345 1039 3425 paludes

303 3432 345 3497 Et
367 3430 546 3491 mendicatus
568 3434 644 3491 victa
674 3431 847 3509 Carthagine
869 3432 951 3509 panis

303 3516 381 3579 llinc
403 3532 507 3575 causas
530 3513 667 3576 habuere.
701 3515 775 3590 Quid
796 3515 847 3575 illo
872 3516 936 3573 ciue
959 3513 1074 3573 tulisset

302 3600 417 3663 Natura
442 3598 470 3657 iu
492 3600 595 3676 terris,
621 3601 688 3678 quil
712 3600 801 3660 Roma
821 3598 934 3657 beatius
955 3615 1098 3675 umquam,

303 3685 337 3749 st
362 3682 561 3747 circumducto
586 3686 765 3764 captivorum
785 3684 899 3762 agmine
922 3690 952 3743 et
976 3681 1053 3742 omni
1243 3689 1295 3741 280
