3267 4409
537 476 877 539 EPIGRAMMATON
889 480 963 541 LlB.
978 482 1031 545 [V.
1259 485 1300 549 85

356 634 409 695 Sed
422 638 482 695 iam
496 635 631 694 causaris
647 635 833 712 barbamque
850 654 1005 715 annosque
1019 635 1171 716 pilosque.

389 721 413 780 0
428 739 489 778 nox
504 738 595 797 quam
610 716 703 796 longa
719 737 769 795 es,
792 737 870 796 quae
885 719 962 778 facis
976 740 1037 780 una
1051 724 1172 782 senem!
1239 719 1244 723 ’

339 803 424 881 aquid
438 822 495 861 nos
512 800 661 860 derides?
678 802 756 861 here
776 803 828 880 qui
842 821 936 881 puer,
958 803 1070 883 Hylle,
1091 807 1193 884 fuisti,

387 888 440 948 Dic
455 887 563 965 nobis,
584 885 678 945 hodie
695 906 753 965 qua
770 888 890 946 ratione
907 889 955 945 vir
970 890 1025 948 es?

740 1020 819 1084 Vlll.

354 1137 444 1195 Prima
459 1133 628 1194 salutantes
647 1140 739 1211 atque
755 1130 855 1192 altera
870 1135 1003 1215 conterit
1017 1136 1109 1214 hora,

385 1221 519 1280 Exercet
531 1237 640 1277 raucos
655 1217 749 1276 tertia
764 1217 948 1276 causidicos:

353 1303 379 1362 lu
392 1305 528 1382 quintam
542 1303 643 1361 varios
659 1299 799 1360 extendit
813 1302 908 1359 Roma
922 1300 1066 1382 labores,

386 1388 477 1447 Sexta
492 1387 580 1466 qules
595 1383 700 1462 lassis,
722 1385 853 1463 septima
868 1385 937 1444 linis
953 1387 1028 1445 erit:
1093 1381 1102 1403 ⁸

340 1470 467 1531 asufficit
481 1473 515 1529 in
530 1489 641 1560 nonpm
656 1468 763 1527 nitidis
779 1476 885 1527 octava
898 1467 1079 1549 palaestris,

384 1556 517 1634 imperat
533 1559 689 1613 extructos
704 1553 849 1629 frangere
865 1572 945 1611 nona
960 1559 1060 1613 toros:

353 1639 425 1698 llora
438 1636 619 1700 libellorum
638 1636 757 1696 decima
773 1642 837 1713 eat,
858 1637 1037 1716 Euplreme,
1059 1659 1212 1720 meorum,

385 1723 552 1802 Temperat
567 1723 732 1780 ambrosias
748 1739 816 1778 cum
831 1726 882 1779 tua
898 1741 970 1780 cura
985 1720 1098 1804 dapes,

353 1806 384 1865 lit
397 1809 493 1866 bonus
509 1806 650 1866 aetherio
665 1804 786 1864 laxatur
801 1812 928 1864 nectare
944 1806 1059 1867 Caesar

327 1896 349 1949 lt
383 1890 567 1969 ingentique
579 1896 667 1949 tenet
681 1887 791 1968 pocula
806 1907 899 1967 parca
912 1908 1012 1950 manu.

353 1972 427 2034 Tunc
442 1973 572 2035 admitte
587 1975 689 2033 iocos:
711 1991 821 2050 gressu
838 1974 928 2032 timet
942 1975 989 2032 ire
1004 1972 1113 2035 licenti

384 2056 429 2118 nd
442 2060 624 2120 matutinum
639 2063 745 2117 nostra
760 2054 872 2119 'l'halia
885 2057 994 2119 Iovem.

749 2206 799 2267 IX.

308 2293 310 2297 Ι
353 2318 431 2381 Sotae
447 2320 513 2381 filia
530 2319 651 2398 clinici,
669 2319 816 2398 Fabulla,

351 2402 470 2466 Deserto
485 2407 628 2485 sequeris
643 2403 768 2483 Clytum
783 2406 893 2463 marito

350 2487 383 2565 Et
395 2489 488 2550 donas
504 2498 537 2549 et
552 2508 646 2549 amas:
669 2489 749 2566 ἔχεις
761 2480 905 2558 ἀσώτως.

754 2618 791 2678 Χ.

347 2731 415 2793 llum
429 2753 526 2793 novus
540 2738 589 2793 est
603 2753 672 2793 rasa
686 2753 744 2793 nec
760 2734 859 2792 adhuc
875 2733 950 2793 mihi
965 2732 1069 2792 fronte
1083 2730 1226 2811 libellus,

380 2818 495 2897 Pagina
514 2816 584 2876 dum
599 2821 683 2895 tangi
697 2837 760 2877 non
774 2818 856 2877 bene
872 2819 953 2877 sicca
970 2819 1076 2895 timet,

343 2899 442 2982 lpner
459 2907 491 2961 et
507 2922 577 2961 caro
593 2903 701 2981 perfer
713 2900 784 2961 leve
799 2922 907 2961 munus
923 2903 1035 2980 amico,

380 2987 439 3063 Qui
455 2987 570 3045 meruit
581 3005 676 3064 nugas
690 2988 807 3066 primus
823 2988 940 3046 habere
955 2992 1047 3047 mea's.

324 3070 457 3148 scurae,
479 3068 537 3130 sed
550 3071 736 3129 instructus:
755 3072 920 3130 comitetur
933 3071 1049 3129 Punica
1063 3067 1177 3129 librum

378 3154 530 3236 Spongia:
552 3156 729 3214 muneribus
748 3156 893 3214 convenit
906 3153 962 3214 illa
977 3155 1064 3215 meis.
1100 3186 1103 3191 ·
1166 3152 1171 3165 ’

338 3237 403 3299 Non
417 3245 549 3319 possunt
564 3244 687 3297 nostros
702 3237 835 3316 multae,
856 3239 1020 3316 Faunine,
1041 3235 1156 3296 liturae
1242 3242 1245 3247 “
1279 3313 1284 3320 1

376 3322 553 3383 Emendare
570 3323 672 3382 iocos:
694 3342 755 3381 una
768 3320 863 3382 litura
876 3330 990 3402 potest.

745 3452 796 3516 Xl.

337 3565 412 3626 lium
424 3567 554 3625 nimium
568 3584 644 3624 vano
661 3568 845 3626 tumefactus
858 3568 982 3641 nominc
998 3566 1113 3646 gaudes

374 3651 416 3711 Et
433 3650 635 3710 Saturninum
649 3657 682 3710 te
697 3650 795 3730 pudet
809 3670 896 3729 esse,
918 3653 1031 3731 miser,

334 3733 427 3818 Impia
441 3735 608 3795 Parrhasia
624 3736 745 3795 movisti
760 3733 845 3794 bella
859 3738 914 3796 sub
929 3754 1016 3815 ursa,
