3267 4409
269 265 1350 333 Ξ

326 563 389 628 310
647 562 692 626 Μ.
706 561 800 626 VAL.
815 562 1040 625 MARTIALIS

708 762 789 826 XXI.
813 765 984 846 Asparagi.

410 874 517 939 molli·
531 886 564 937 ln
578 894 730 954 aequorea
747 895 824 954 quac
841 879 938 937 crevit
952 879 1039 957 apina
1050 877 1204 959 Ravenna,

451 962 520 1023 Non
534 961 597 1021 erit
611 958 737 1020 Incultis
751 961 868 1038 gratior
883 963 1046 1041 asparagis.
1174 1026 1179 1037 ,

647 1086 741 1147 XXII.
769 1084 853 1146 Uvae
868 1086 1045 1148 duracinae.

409 1203 478 1263 Non
493 1197 607 1262 habilis
624 1199 743 1278 cyathi·
758 1202 791 1259 et
804 1197 924 1259 inutilis
938 1219 993 1260 nva
1007 1199 1128 1279 Lyaeo,

452 1285 516 1347 Sed
529 1304 591 1345 non
604 1284 725 1365 potanti
739 1301 788 1343 me
802 1284 860 1342 tibi
874 1290 982 1343 nectar
995 1301 1060 1345 cro.

669 1411 777 1473 XXIII.
799 1411 898 1472 Ficao
915 1411 1017 1473 Chiae.

410 1510 488 1571 Chia
501 1510 568 1583 erni
583 1507 690 1568 similis
705 1509 844 1586 Baccho,
866 1527 957 1587 quem
972 1508 1058 1569 Setia
1072 1509 1172 1590 mlait,

451 1595 521 1675 Ipra
532 1612 650 1654 meram
664 1611 767 1652 recum
780 1600 887 1673 portat
900 1598 933 1653 et
948 1594 1016 1673 Ipsa
1029 1590 1135 1656 nalem.

702 1717 811 1781 XXIV.
839 1717 986 1798 Cydonia.

410 1817 445 1878 Si
457 1817 516 1878 tibi
531 1817 683 1898 Cecropio
699 1823 834 1877 saturata
851 1816 989 1895 Cydonia
1003 1815 1099 1878 melle

451 1902 627 1979 Ponentar‚
649 1900 747 1961 dicas:
768 1900 877 1980 „Haec
890 1900 1045 1962 melimela
1055 1901 1213 1985 placent.“

666 2028 763 2092 XXV.
786 2026 894 2092 Nuces
902 2033 1028 2111 pineae.

409 2128 503 2188 Poma
518 2146 620 2187 namus
634 2125 785 2206 Cybeles:
807 2127 918 2208 procul
930 2111 1006 2188 hinc
1019 2126 1164 2209 discede,
1185 2130 1299 2211 viator,

449 2213 497 2273 Ne
515 2211 603 2272 cadat
615 2211 649 2270 in
661 2213 807 2271 miserum
822 2218 928 2272 nontra
941 2213 1029 2272 ruina
1043 2219 1144 2295 capnt.
1248 2292 1251 2297 Ι

726 2336 836 2399 XXVI.
859 2335 970 2400 Sorba.

411 2436 641 2516 sorbamus,
662 2435 774 2498 molles
788 2439 913 2498 nimium
928 2438 1089 2500 tendentia
1101 2446 1252 2503 ventrem·

450 2523 561 2603 Aptius
577 2524 655 2582 haec
668 2540 781 2602 puero,
805 2542 895 2600 qnam
908 2524 981 2602 tibi,
1001 2544 1091 2605 poma
1105 2523 1201 2587 (labia.

569 2646 692 2711 XXVII.
715 2648 896 2710 Palatiiam
910 2660 1117 2731 caryotarum.

411 2749 514 2808 Aurea
526 2748 698 2828 porrigItnr
712 2746 776 2806 Iani
790 2753 916 2826 caryota
929 2746 1095 2823 Kalendi13

350 2918 353 2929 Ι
452 2831 515 2893 Sed
528 2838 632 2892 tamen
647 2832 707 2891 hoc
721 2850 830 2891 manns
843 2833 989 2912 pauperi·
1005 2851 1075 2893 eane
1092 2831 1181 2896 nolet

617 2956 754 3021 XXVIII.
782 2956 846 3018 Vas
860 2965 1068 3022 cottanorum.

408 3058 496 3117 Haec
509 3057 567 3117 tibi
582 3076 659 3136 quae
673 3064 755 3118 torta
767 3065 921 3119 venerunt
937 3058 1060 3120 condita
1074 3066 1172 3140 meta,

453 3141 486 3202 Si
500 3144 615 3202 maiora
628 3141 734 3202 forent
747 3148 885 3221 cottana,
903 3143 980 3203 ficus
995 3150 1091 3206 erant.

594 3268 702 3330 XXIX.
732 3269 795 3330 Vaa
812 3269 1088 3331 Damascenorum.

410 3384 514 3444 Pruna
526 3382 712 3462 peregrinae
730 3383 812 3442 carie
827 3400 939 3459 rugosa
956 3387 1101 3441 renectae

453 3465 560 3527 Sume:
582 3464 683 3526 solent
700 3464 770 3525 dari
785 3465 905 3525 solvere
919 3466 1036 3525 ventris
1052 3483 1137 3525 onus.

636 3597 731 3660 XXX.
755 3595 1051 3658 CaoeaoLaacacio.

412 3709 526 3770 Canen·
540 3710 689 3771 Etruscae
704 3711 839 3789 signatus
853 3709 985 3786 imagine
998 3708 1104 3770 Lunae
1273 3748 1283 3783 ·.

452 3794 626 3857 Praeatabit
637 3794 743 3877 pneris
756 3791 886 3877 prandia
899 3790 984 3853 mille
998 3793 1071 3857 tuin.
1202 3832 1206 3851 ι
1220 3812 1344 3895 :oswi-⁴...
