3267 4409
693 502 901 551 PRAEFATIO.
1257 507 1307 554 Vll

329 657 404 732 125,
427 677 518 738 quam
532 655 767 718 emendatricem
783 677 907 736 operam
920 658 985 718 ludi
1006 661 1103 721 satius
1119 681 1187 722 esse
1202 661 1307 722 videa-

324 753 390 818 tnr3
402 743 475 800 mihi
490 750 572 801 certe
587 760 645 800 nec
657 747 866 816 grammaticum
879 762 934 821 pro
950 748 1053 817 tragico
1066 745 1223 806 Prellerus
1235 745 1307 805 ibid.

327 824 418 898 1846,
433 847 463 905 p.
479 824 529 898 43,
544 844 602 883 nec
619 833 739 898 tempore
753 831 856 900 tragico
876 824 1016 886 Osaunus
1037 828 1071 886 in
1086 827 1198 889 Philol.
1214 830 1252 888 Τ.
1266 830 1308 902 Π,

324 931 356 991 p.
372 906 434 969 384
452 908 607 988 probavit,
623 916 719 987 utque
740 907 905 968 concedam
925 910 1076 986 tragicum
1096 920 1217 991 poetam
1234 911 1307 972 Gor·

324 1002 431 1053 nutum
456 1011 522 1050 cum
543 990 708 1050 Welclrero
728 993 842 1068 griech.
864 993 1016 1070 Tragoed.
1039 1015 1070 1072 p.
1100 994 1179 1055 1457
1201 995 1309 1055 haberi

279 1095 282 1101 ·
325 1078 381 1135 vix
401 1094 506 1154 posse,
534 1073 612 1133 illud
637 1082 754 1148 tamen,
778 1075 861 1155 quod
883 1077 929 1135 rei
948 1077 1037 1135 unice
1060 1072 1223 1138 convenire
1242 1080 1308 1156 jam

324 1158 472 1219 Pithoeus
486 1158 653 1230 intellexit,
669 1157 817 1237 quomodo
833 1179 901 1219 cum
914 1159 1071 1219 literarum
1085 1162 1222 1239 vestigiis
1237 1182 1307 1221 con-

326 1243 442 1313 oiliem,
463 1260 555 1317 aegre
575 1241 708 1300 invenio.
751 1241 901 1301 Nimirum
920 1245 1027 1302 Stoicae
1046 1252 1149 1305 sectae
1165 1245 1308 1322 magister

326 1325 478 1386 Cornutus
495 1325 551 1383 fuit
575 1344 673 1404 eaque
691 1325 851 1404 disciplina
869 1326 961 1385 etiam
979 1325 1118 1387 Persium
1134 1330 1178 1387 ita
1194 1328 1307 1401 imbuit,

325 1418 360 1469 nt
373 1427 474 1488 neque
492 1408 583 1485 hujus
601 1409 709 1467 satiras
726 1409 792 1467 sine
813 1409 895 1469 illius
909 1409 1123 1489 philosophiae
1140 1413 1248 1471 notitia
1262 1414 1307 1471 iu-

324 1492 466 1570 telligere
485 1492 584 1570 possis
603 1511 705 1571 neque
728 1490 850 1552 Stoicae
870 1492 1027 1553 doctrinae
1047 1495 1243 1555 sinceriorem
1262 1497 1306 1555 iu·

324 1583 491 1655 terpretem
506 1575 598 1634 facile
612 1575 768 1651 invenias3
786 1576 875 1635 immo
889 1576 1035 1654 plurimas
1051 1579 1117 1655 ejus
1131 1578 1307 1658 disputatio·

325 1679 382 1720 nee
401 1657 526 1738 propius
547 1657 586 1716 ad
610 1659 733 1718 scholae
748 1668 915 1739 praecepta
938 1679 1028 1740 quam
1050 1661 1092 1721 ad
1110 1663 1207 1743 ipsius
1227 1663 1309 1722 vitae

324 1762 414 1803 usum
435 1741 583 1801 accedere
604 1741 688 1801 haud
705 1743 853 1802 immerito
876 1742 1007 1816 dixeris,
1028 1753 1124 1825 utque
1141 1765 1310 1806 sermonem

324 1824 426 1887 Persii
440 1825 604 1885 innumeris
624 1826 657 1884 in
675 1826 752 1884 locis
775 1826 951 1886 ad'Horatii
971 1827 1170 1888 imitationem
1190 1829 1306 1889 confor-

324 1917 438 1970 matum
459 1927 527 1968 esse
547 1907 637 1968 docta
658 1907 832 1968 Oasauboui
854 1910 992 1969 sollertia
1014 1912 1235 1990 comprobavit,
1265 1913 1308 1970 ita

325 1991 492 2054 sententias
503 1992 665 2071 plerasque
682 1992 790 2051 iisdem
801 2010 901 2070 paene
915 1992 1018 2051 verbis
1039 1993 1121 2072 apud
1134 1995 1308 2074 Epictetum

324 2077 464 2154 aliosque
479 2084 618 2135 auctores
631 2073 748 2134 Stoicos
758 2074 859 2135 redire
874 2074 1011 2153 ejusdem
1026 2079 1231 2138 commentarii
1244 2097 1306 2136 ma-

325 2159 437 2220 nifesto
462 2166 601 2236 arguunt.
642 2157 734 2235 Quod
754 2178 816 2218 non
834 2159 868 2218 in
888 2159 1138 2220 obtrectationem
1156 2161 1208 2221 vel
1229 2162 1306 2220 invi·

326 2242 408 2303 diam
433 2241 540 2302 Persio
569 2241 758 2302 conflandam
782 2241 893 2301 dictum
922 2249 1003 2314 esto,
1032 2250 1177 2323 tanquam
1205 2245 1308 2304 aliena

324 2326 423 2404 magia
447 2345 537 2406 quam
554 2326 601 2385 sui
617 2326 733 2403 ingenii
747 2327 859 2385 virtute
874 2326 1025 2405 poeticam
1040 2326 1163 2387 laudem
1179 2327 1307 2406 adeptus

326 2411 381 2484 sit3
400 2411 486 2487 cujus
507 2411 657 2487 ingenuus
672 2410 775 2470 fervor
793 2418 824 2469 et
839 2410 1031 2469 vehementia
1046 2413 1168 2471 summis
1184 2411 1305 2492 quibus·

327 2512 388 2575 que
397 2492 520 2552 ausibus
527 2502 600 2572 apta
611 2494 670 2552 hac
681 2494 750 2572 ipsa
761 2514 795 2554 re
809 2502 948 2572 apparet,
964 2492 1144 2573 quodetiam
1160 2515 1238 2577 quae
1254 2515 1306 2554 ex·

324 2578 475 2637 trinsecus
492 2584 667 2656 acceperat,
685 2578 729 2635 ita
744 2578 776 2637 iu
792 2597 916 2637 succum
936 2585 967 2637 et
988 2579 1168 2655 sanguinem
1183 2599 1307 2638 conver·

324 2661 376 2734 tit,
393 2668 427 2719 ut
440 2661 500 2720 nisi
519 2659 642 2719 aliunde
658 2660 760 2720 edocti
776 2662 876 2720 omnia
894 2661 990 2740 ipsius
1005 2661 1132 2721 inventa
1156 2663 1307 2723 existima-

325 2763 441 2820 remus3
457 2744 515 2802 hoc
529 2753 632 2803 tamen
646 2743 732 2803 salvo
754 2745 821 2821 ejus
839 2743 954 2803 honore
970 2744 1155 2805 contendere
1175 2745 1248 2804 mihi
1262 2747 1307 2803 vi·

326 2827 415 2899 deor,
429 2836 552 2907 poetam
568 2828 653 2887 illum
669 2836 822 2900 enatura,
838 2827 993 2887 satiricum
1014 2826 1051 2885 ab
1069 2836 1135 2888 arte
1154 2829 1256 2908 potius
1278 2837 1308 2886 et

325 2911 431 2971 schola
445 2911 559 2970 factum
574 2930 651 2970 esse.

412 2992 476 3053 Sed
494 3002 529 3053 ut
549 3014 589 3054 ex
604 2993 782 3053 diverticulo
804 2994 837 3052 in
858 2993 940 3052 viam
958 2991 1097 3067 redeam,
1114 2999 1217 3052 amicos
1231 2995 1305 3054 Per·

326 3077 390 3138 aius
402 3079 496 3135 aaran
504 3098 522 3135 a
533 3082 628 3150 prima
639 3081 819 3135 adolescentia
831 3080 954 3136 Caesiam
961 3079 1083 3135 Bassam
1089 3086 1209 3152 poetam,
1218 3098 1307 3157 quem

326 3160 424 3220 solum
439 3158 646 3236 Quintilianus
662 3160 704 3219 X.
724 3160 752 3217 1.
768 3159 808 3220 96
827 3160 950 3238 dignum
965 3159 1118 3236 judicavit
1135 3161 1187 3240 qui
1207 3161 1305 3219 Hora·

325 3245 369 3304 tio
391 3243 589 3321 adjiceretur,
611 3253 638 3302 ct
656 3247 835 3317 Calpurnium
858 3247 998 3302 staturam
1018 3244 1070 3304 vel
1092 3253 1126 3303 ut
1151 3243 1305 3304 Oasaubo·

326 3345 385 3386 nus
397 3327 508 3386 'maluit
523 3330 640 3399 Suram,
657 3333 706 3402 qai
718 3332 776 3387 ciac
790 3344 822 3385 aa
831 3331 944 3402 jacente
959 3329 1081 3399 decessit,
1097 3327 1179 3386 idem
1194 3334 1304 3399 tamen,

326 3411 354 3470 si
370 3408 511 3489 Sarpium
526 3410 664 3470 audimus
678 3409 804 3487 Quaest.
819 3411 925 3489 philol.
941 3429 971 3488 p.
990 3408 1022 3466 11
1037 3430 1115 3490 sqq,
1134 3411 1306 3488 eclogarum

326 3494 470 3572 scriptor,
501 3514 581 3574 quae
610 3514 691 3554 nunc
713 3493 872 3572 Calpurnii
897 3493 992 3552 Siculi
1017 3495 1139 3552 nomine
1159 3493 1305 3565 feruntur,

326 3596 502 3658 quanquam
511 3578 543 3638 id
558 3586 756 3637 commentum
767 3597 865 3656 nuper
870 3577 988 3637 idoneis
997 3577 1181 3653 argumentis
1189 3578 1303 3656 impug-

325 3669 431 3722 natum
447 3671 507 3737 est3
525 3666 606 3720 coluit
619 3670 720 3722 autem
729 3670 759 3720 at
768 3670 879 3734 patrem
893 3663 1036 3720 Servilium
1049 3664 1213 3730 Nonianum,
1222 3662 1303 3740 prin-

326 3744 428 3824 cipem
441 3745 581 3818 civitatis,
595 3753 630 3804 ut
645 3745 816 3824 appellatur
831 3763 849 3802 a
863 3745 963 3804 Plinio
977 3743 1018 3802 N.
1029 3743 1144 3802 Histor.
1151 3743 1303 3803 XXVIII.

329 3829 360 3902 5,
381 3849 471 3909 quem
491 3838 522 3889 et
543 3849 659 3889 morum
683 3827 837 3908 probitate
858 3835 888 3888 et
912 3827 1035 3889 dicendi
1058 3827 1204 3888 facultate
1225 3829 1305 3886 iuter
