<?xml version="1.0" encoding="UTF-8"?>
<!DOCTYPE html PUBLIC "-//W3C//DTD XHTML 1.0 Transitional//EN"
    "http://www.w3.org/TR/xhtml1/DTD/xhtml1-transitional.dtd">
<html xmlns="http://www.w3.org/1999/xhtml" xml:lang="en" lang="en">
 <head>
  <title>
</title>
<meta http-equiv="Content-Type" content="text/html;charset=utf-8" />
  <meta name='ocr-system' content='tesseract 3.04.00' />
  <meta name='ocr-capabilities' content='ocr_page ocr_carea ocr_par ocr_line ocrx_word'/>
</head>
<body>
  <div class='ocr_page' id='page_1' title='image "./mvalmartialisep00martgoog_0038.png"; bbox 0 0 3267 4409; ppageno 0'>
   <div class='ocr_carea' id='block_1_1' title="bbox 325 483 1037 554">
    <p class='ocr_par' dir='ltr' id='par_1_1' title="bbox 325 483 1037 554">
     <span class='ocr_line' id='line_1_1' title="bbox 325 483 1037 554; baseline 0.001 -3"><span class='ocrx_word' id='word_1_1' title='bbox 325 487 366 551; x_wconf 82' lang='lat'><strong>14</strong></span> <span class='ocrx_word' id='word_1_2' title='bbox 646 490 689 550; x_wconf 92' lang='grc' dir='ltr'><strong>Μ.</strong></span> <span class='ocrx_word' id='word_1_3' title='bbox 706 483 1037 554; x_wconf 54' lang='lat' dir='ltr'><strong>vapulamus</strong></span> 
     </span>
    </p>
   </div>
   <div class='ocr_carea' id='block_1_2' title="bbox 822 689 872 750">
    <p class='ocr_par' dir='ltr' id='par_1_2' title="bbox 822 689 872 750">
     <span class='ocr_line' id='line_1_2' title="bbox 822 689 872 750; baseline -0.02 0"><span class='ocrx_word' id='word_1_4' title='bbox 822 689 872 750; x_wconf 83' lang='lat' dir='ltr'><strong>xl.</strong></span> 
     </span>
    </p>
   </div>
   <div class='ocr_carea' id='block_1_3' title="bbox 373 802 1253 1135">
    <p class='ocr_par' dir='ltr' id='par_1_3' title="bbox 373 802 1253 1135">
     <span class='ocr_line' id='line_1_3' title="bbox 408 802 1253 889; baseline 0.007 -26"><span class='ocrx_word' id='word_1_5' title='bbox 408 806 484 865; x_wconf 83' lang='lat' dir='ltr'><strong>Cum</strong></span> <span class='ocrx_word' id='word_1_6' title='bbox 500 802 570 862; x_wconf 87' lang='lat' dir='ltr'><strong>data</strong></span> <span class='ocrx_word' id='word_1_7' title='bbox 584 802 646 862; x_wconf 88' lang='lat' dir='ltr'><strong>sint</strong></span> <span class='ocrx_word' id='word_1_8' title='bbox 660 803 757 880; x_wconf 86' lang='lat' dir='ltr'><strong>equiti</strong></span> <span class='ocrx_word' id='word_1_9' title='bbox 771 802 819 862; x_wconf 86' lang='lat' dir='ltr'><strong>bis</strong></span> <span class='ocrx_word' id='word_1_10' title='bbox 835 802 927 880; x_wconf 91' lang='lat' dir='ltr'><strong>quina</strong></span> <span class='ocrx_word' id='word_1_11' title='bbox 940 803 1135 885; x_wconf 77' lang='lat' dir='ltr'><strong>nomismata,</strong></span> <span class='ocrx_word' id='word_1_12' title='bbox 1158 828 1253 889; x_wconf 77' lang='lat' dir='ltr'><strong>quare</strong></span> 
     </span>
     <span class='ocr_line' id='line_1_4' title="bbox 373 882 1086 965; baseline 0.003 -19"><span class='ocrx_word' id='word_1_13' title='bbox 373 882 378 895; x_wconf 83' lang='grc'><strong><em>’</em></strong></span> <span class='ocrx_word' id='word_1_14' title='bbox 449 889 501 947; x_wconf 90' lang='lat' dir='ltr'><strong>Bis</strong></span> <span class='ocrx_word' id='word_1_15' title='bbox 516 886 641 947; x_wconf 80' lang='lat' dir='ltr'><strong>deciens</strong></span> <span class='ocrx_word' id='word_1_16' title='bbox 656 886 757 965; x_wconf 86' lang='lat' dir='ltr'><strong>solus,</strong></span> <span class='ocrx_word' id='word_1_17' title='bbox 779 886 964 964; x_wconf 82' lang='lat' dir='ltr'><strong>Sextiliane,</strong></span> <span class='ocrx_word' id='word_1_18' title='bbox 982 889 1086 948; x_wconf 70' lang='lat' dir='ltr'><strong>bibis?</strong></span> 
     </span>
     <span class='ocr_line' id='line_1_5' title="bbox 407 969 1117 1050; baseline 0.004 -20"><span class='ocrx_word' id='word_1_19' title='bbox 407 973 467 1030; x_wconf 92' lang='lat' dir='ltr'><strong>lam</strong></span> <span class='ocrx_word' id='word_1_20' title='bbox 485 970 652 1031; x_wconf 83' lang='lat' dir='ltr'><strong>defecisset</strong></span> <span class='ocrx_word' id='word_1_21' title='bbox 668 976 828 1050; x_wconf 89' lang='lat' dir='ltr'><strong>portantes</strong></span> <span class='ocrx_word' id='word_1_22' title='bbox 843 969 930 1029; x_wconf 89' lang='lat' dir='ltr'><strong>ealda</strong></span> <span class='ocrx_word' id='word_1_23' title='bbox 944 970 1117 1050; x_wconf 82' lang='lat' dir='ltr'><strong>ministros,</strong></span> 
     </span>
     <span class='ocr_line' id='line_1_6' title="bbox 449 1052 1068 1135; baseline 0.003 -21"><span class='ocrx_word' id='word_1_24' title='bbox 449 1056 557 1115; x_wconf 91' lang='lat' dir='ltr'><strong>Sinon</strong></span> <span class='ocrx_word' id='word_1_25' title='bbox 571 1060 713 1135; x_wconf 82' lang='lat' dir='ltr'><strong>potares,</strong></span> <span class='ocrx_word' id='word_1_26' title='bbox 735 1052 919 1134; x_wconf 80' lang='lat' dir='ltr'><strong>Sextiliane,</strong></span> <span class='ocrx_word' id='word_1_27' title='bbox 942 1074 1068 1116; x_wconf 89' lang='lat' dir='ltr'><strong>merum.</strong></span> 
     </span>
    </p>
   </div>
   <div class='ocr_carea' id='block_1_4' title="bbox 408 1200 1144 1392">
    <p class='ocr_par' dir='ltr' id='par_1_4' title="bbox 408 1200 1144 1392">
     <span class='ocr_line' id='line_1_7' title="bbox 782 1200 873 1265; baseline 0.055 -6"><span class='ocrx_word' id='word_1_28' title='bbox 782 1200 873 1265; x_wconf 70' lang='lat' dir='ltr'><strong>oilli.</strong></span> 
     </span>
     <span class='ocr_line' id='line_1_8' title="bbox 408 1287 1144 1392; baseline 0 -16"><span class='ocrx_word' id='word_1_29' title='bbox 408 1318 473 1376; x_wconf 89' lang='lat' dir='ltr'><strong>Itur</strong></span> <span class='ocrx_word' id='word_1_30' title='bbox 489 1314 526 1376; x_wconf 91' lang='lat' dir='ltr'><strong>ad</strong></span> <span class='ocrx_word' id='word_1_31' title='bbox 540 1303 712 1375; x_wconf 86' lang='lat' dir='ltr'><strong>Herculeas</strong></span> <span class='ocrx_word' id='word_1_32' title='bbox 727 1312 823 1392; x_wconf 79' lang='lat' dir='ltr'><strong>gelidi</strong></span> <span class='ocrx_word' id='word_1_33' title='bbox 841 1334 897 1392; x_wconf 89' lang='lat' dir='ltr'><strong>qua</strong></span> <span class='ocrx_word' id='word_1_34' title='bbox 915 1287 1042 1375; x_wconf 81' lang='lat' dir='ltr'><strong>Tiburis</strong></span> <span class='ocrx_word' id='word_1_35' title='bbox 1058 1335 1144 1376; x_wconf 85' lang='lat' dir='ltr'><strong>arces</strong></span> 
     </span>
    </p>
   </div>
   <div class='ocr_carea' id='block_1_5' title="bbox 288 1397 1304 2318">
    <p class='ocr_par' dir='ltr' id='par_1_5' title="bbox 288 1397 1304 2318">
     <span class='ocr_line' id='line_1_9' title="bbox 452 1397 1304 1480; baseline -0.007 -20"><span class='ocrx_word' id='word_1_36' title='bbox 452 1400 596 1478; x_wconf 78' lang='lat' dir='ltr'><strong>Canaque</strong></span> <span class='ocrx_word' id='word_1_37' title='bbox 612 1397 789 1479; x_wconf 81' lang='lat' dir='ltr'><strong>sulphureis</strong></span> <span class='ocrx_word' id='word_1_38' title='bbox 805 1397 919 1458; x_wconf 79' lang='lat' dir='ltr'><strong>Albula</strong></span> <span class='ocrx_word' id='word_1_39' title='bbox 932 1400 1029 1459; x_wconf 85' lang='lat' dir='ltr'><strong>fumat</strong></span> <span class='ocrx_word' id='word_1_40' title='bbox 1042 1402 1146 1480; x_wconf 88' lang='lat' dir='ltr'><strong>aquis,</strong></span> <span class='ocrx_word' id='word_1_41' title='bbox 1300 1450 1304 1454; x_wconf 81' lang='grc'>.</span> 
     </span>
     <span class='ocr_line' id='line_1_10' title="bbox 405 1480 1280 1562; baseline 0.005 -20"><span class='ocrx_word' id='word_1_42' title='bbox 405 1485 488 1542; x_wconf 85' lang='lat' dir='ltr'><strong>Rura</strong></span> <span class='ocrx_word' id='word_1_43' title='bbox 501 1501 670 1561; x_wconf 79' lang='lat' dir='ltr'><strong>nemusque</strong></span> <span class='ocrx_word' id='word_1_44' title='bbox 685 1502 804 1542; x_wconf 84' lang='lat' dir='ltr'><strong>sacrum</strong></span> <span class='ocrx_word' id='word_1_45' title='bbox 820 1480 996 1561; x_wconf 84' lang='lat' dir='ltr'><strong>dilectaque</strong></span> <span class='ocrx_word' id='word_1_46' title='bbox 1010 1485 1117 1562; x_wconf 88' lang='lat' dir='ltr'><strong>iugera</strong></span> <span class='ocrx_word' id='word_1_47' title='bbox 1132 1485 1231 1546; x_wconf 84' lang='lat' dir='ltr'><strong>Musis</strong></span> <span class='ocrx_word' id='word_1_48' title='bbox 1276 1552 1280 1557; x_wconf 55' lang='grc'><em>,</em></span> 
     </span>
     <span class='ocr_line' id='line_1_11' title="bbox 424 1567 1053 1646; baseline -0.005 -19"><span class='ocrx_word' id='word_1_49' title='bbox 424 1630 427 1637; x_wconf 61' lang='grc'><strong>,</strong></span> <span class='ocrx_word' id='word_1_50' title='bbox 448 1568 555 1646; x_wconf 81' lang='lat' dir='ltr'><strong>Signat</strong></span> <span class='ocrx_word' id='word_1_51' title='bbox 567 1569 666 1627; x_wconf 84' lang='lat' dir='ltr'><strong>vicina</strong></span> <span class='ocrx_word' id='word_1_52' title='bbox 681 1570 807 1645; x_wconf 80' lang='lat' dir='ltr'><strong>quartus</strong></span> <span class='ocrx_word' id='word_1_53' title='bbox 824 1568 860 1625; x_wconf 94' lang='lat' dir='ltr'><strong>ab</strong></span> <span class='ocrx_word' id='word_1_54' title='bbox 875 1568 952 1626; x_wconf 89' lang='lat' dir='ltr'><strong>urbe</strong></span> <span class='ocrx_word' id='word_1_55' title='bbox 966 1567 1053 1646; x_wconf 79' lang='lat' dir='ltr'><strong>lapis.</strong></span> 
     </span>
     <span class='ocr_line' id='line_1_12' title="bbox 382 1646 1205 1731; baseline -0.002 -19"><span class='ocrx_word' id='word_1_56' title='bbox 382 1652 464 1713; x_wconf 67' lang='lat' dir='ltr'><strong>{ollio</strong></span> <span class='ocrx_word' id='word_1_57' title='bbox 478 1652 563 1711; x_wconf 87' lang='lat' dir='ltr'><strong>rudis</strong></span> <span class='ocrx_word' id='word_1_58' title='bbox 579 1652 708 1710; x_wconf 83' lang='lat' dir='ltr'><strong>aestivas</strong></span> <span class='ocrx_word' id='word_1_59' title='bbox 722 1646 899 1729; x_wconf 86' lang='lat' dir='ltr'><strong>praestabat</strong></span> <span class='ocrx_word' id='word_1_60' title='bbox 913 1652 1050 1729; x_wconf 87' lang='lat' dir='ltr'><strong>porticus</strong></span> <span class='ocrx_word' id='word_1_61' title='bbox 1066 1653 1205 1731; x_wconf 87' lang='lat' dir='ltr'><strong>umbras,</strong></span> 
     </span>
     <span class='ocr_line' id='line_1_13' title="bbox 446 1736 1296 1814; baseline 0 -20"><span class='ocrx_word' id='word_1_62' title='bbox 446 1736 516 1794; x_wconf 90' lang='lat' dir='ltr'><strong>Heu</strong></span> <span class='ocrx_word' id='word_1_63' title='bbox 531 1755 620 1813; x_wconf 87' lang='lat' dir='ltr'><strong>quam</strong></span> <span class='ocrx_word' id='word_1_64' title='bbox 633 1753 731 1813; x_wconf 90' lang='lat' dir='ltr'><strong>paene</strong></span> <span class='ocrx_word' id='word_1_65' title='bbox 746 1753 856 1793; x_wconf 88' lang='lat' dir='ltr'><strong>novum</strong></span> <span class='ocrx_word' id='word_1_66' title='bbox 869 1736 1007 1814; x_wconf 87' lang='lat' dir='ltr'><strong>porticus</strong></span> <span class='ocrx_word' id='word_1_67' title='bbox 1023 1754 1094 1794; x_wconf 89' lang='lat' dir='ltr'><strong>ausa</strong></span> <span class='ocrx_word' id='word_1_68' title='bbox 1110 1737 1211 1796; x_wconf 86' lang='lat' dir='ltr'><strong>nefas!</strong></span> <span class='ocrx_word' id='word_1_69' title='bbox 1283 1761 1296 1775; x_wconf 64' lang='lat'><em>⁴</em></span> 
     </span>
     <span class='ocr_line' id='line_1_14' title="bbox 404 1817 1160 1897; baseline 0.001 -19"><span class='ocrx_word' id='word_1_70' title='bbox 404 1818 480 1878; x_wconf 92' lang='lat' dir='ltr'><strong>Nam</strong></span> <span class='ocrx_word' id='word_1_71' title='bbox 494 1820 595 1878; x_wconf 84' lang='lat' dir='ltr'><strong>s&#39;ubito</strong></span> <span class='ocrx_word' id='word_1_72' title='bbox 611 1817 742 1897; x_wconf 85' lang='lat' dir='ltr'><strong>collapsa</strong></span> <span class='ocrx_word' id='word_1_73' title='bbox 756 1819 835 1892; x_wconf 91' lang='lat' dir='ltr'><strong>ruit,</strong></span> <span class='ocrx_word' id='word_1_74' title='bbox 857 1837 925 1879; x_wconf 86' lang='lat' dir='ltr'><strong>eum</strong></span> <span class='ocrx_word' id='word_1_75' title='bbox 941 1817 1021 1879; x_wconf 93' lang='lat' dir='ltr'><strong>mole</strong></span> <span class='ocrx_word' id='word_1_76' title='bbox 1037 1820 1092 1878; x_wconf 82' lang='lat' dir='ltr'><strong>rub</strong></span> <span class='ocrx_word' id='word_1_77' title='bbox 1107 1819 1160 1879; x_wconf 89' lang='lat' dir='ltr'><strong>illa</strong></span> 
     </span>
     <span class='ocr_line' id='line_1_15' title="bbox 288 1900 1082 1981; baseline -0.003 -18"><span class='ocrx_word' id='word_1_78' title='bbox 288 1913 297 1931; x_wconf 86' lang='lat'><em>⁰</em></span> <span class='ocrx_word' id='word_1_79' title='bbox 320 1942 324 1947; x_wconf 90' lang='lat'>·</span> <span class='ocrx_word' id='word_1_80' title='bbox 388 1937 394 1947; x_wconf 88' lang='lat'>-</span> <span class='ocrx_word' id='word_1_81' title='bbox 447 1904 592 1963; x_wconf 81' lang='lat' dir='ltr'><strong>Gestatus</strong></span> <span class='ocrx_word' id='word_1_82' title='bbox 608 1903 719 1979; x_wconf 87' lang='lat' dir='ltr'><strong>biiugis</strong></span> <span class='ocrx_word' id='word_1_83' title='bbox 733 1900 869 1980; x_wconf 83' lang='lat' dir='ltr'><strong>Regulus</strong></span> <span class='ocrx_word' id='word_1_84' title='bbox 885 1909 969 1962; x_wconf 86' lang='lat' dir='ltr'><strong>esset</strong></span> <span class='ocrx_word' id='word_1_85' title='bbox 984 1904 1082 1981; x_wconf 89' lang='lat' dir='ltr'><strong>equis.</strong></span> 
     </span>
     <span class='ocr_line' id='line_1_16' title="bbox 405 1982 1143 2064; baseline 0 -18"><span class='ocrx_word' id='word_1_86' title='bbox 405 1987 552 2046; x_wconf 84' lang='lat' dir='ltr'><strong>Nimirum</strong></span> <span class='ocrx_word' id='word_1_87' title='bbox 567 1987 669 2047; x_wconf 90' lang='lat' dir='ltr'><strong>timuit</strong></span> <span class='ocrx_word' id='word_1_88' title='bbox 683 1982 804 2045; x_wconf 83' lang='lat' dir='ltr'><strong>nostras</strong></span> <span class='ocrx_word' id='word_1_89' title='bbox 818 1985 956 2046; x_wconf 80' lang='lat' dir='ltr'><strong>Fortuna</strong></span> <span class='ocrx_word' id='word_1_90' title='bbox 971 1984 1143 2064; x_wconf 85' lang='lat' dir='ltr'><strong>querellas,</strong></span> 
     </span>
     <span class='ocr_line' id='line_1_17' title="bbox 364 2070 1137 2150; baseline -0.003 -18"><span class='ocrx_word' id='word_1_91' title='bbox 364 2082 398 2132; x_wconf 84' lang='lat'><strong>10</strong></span> <span class='ocrx_word' id='word_1_92' title='bbox 446 2073 530 2148; x_wconf 78' lang='lat' dir='ltr'><strong>Quae</strong></span> <span class='ocrx_word' id='word_1_93' title='bbox 549 2076 679 2150; x_wconf 88' lang='lat' dir='ltr'><strong>partam</strong></span> <span class='ocrx_word' id='word_1_94' title='bbox 694 2077 821 2148; x_wconf 88' lang='lat' dir='ltr'><strong>magnae</strong></span> <span class='ocrx_word' id='word_1_95' title='bbox 836 2089 898 2131; x_wconf 87' lang='lat' dir='ltr'><strong>non</strong></span> <span class='ocrx_word' id='word_1_96' title='bbox 912 2077 980 2130; x_wconf 92' lang='lat' dir='ltr'><strong>erat</strong></span> <span class='ocrx_word' id='word_1_97' title='bbox 993 2070 1137 2131; x_wconf 81' lang='lat' dir='ltr'><strong>invidiae.</strong></span> 
     </span>
     <span class='ocr_line' id='line_1_18' title="bbox 403 2153 1229 2234; baseline 0.002 -22"><span class='ocrx_word' id='word_1_98' title='bbox 403 2155 490 2214; x_wconf 89' lang='lat' dir='ltr'><strong>Nunc</strong></span> <span class='ocrx_word' id='word_1_99' title='bbox 505 2162 537 2214; x_wconf 89' lang='lat' dir='ltr'><strong>et</strong></span> <span class='ocrx_word' id='word_1_100' title='bbox 553 2154 664 2213; x_wconf 88' lang='lat' dir='ltr'><strong>damna</strong></span> <span class='ocrx_word' id='word_1_101' title='bbox 674 2155 793 2228; x_wconf 79' lang='lat' dir='ltr'><strong>iuvant3</strong></span> <span class='ocrx_word' id='word_1_102' title='bbox 816 2161 887 2213; x_wconf 87' lang='lat' dir='ltr'><strong>sunt</strong></span> <span class='ocrx_word' id='word_1_103' title='bbox 900 2153 967 2233; x_wconf 90' lang='lat' dir='ltr'><strong>ipsa</strong></span> <span class='ocrx_word' id='word_1_104' title='bbox 983 2154 1121 2234; x_wconf 84' lang='lat' dir='ltr'><strong>pericula</strong></span> <span class='ocrx_word' id='word_1_105' title='bbox 1134 2157 1229 2215; x_wconf 89' lang='lat' dir='ltr'><strong>tanti:</strong></span> 
     </span>
     <span class='ocr_line' id='line_1_19' title="bbox 446 2238 1146 2318; baseline -0.001 -20"><span class='ocrx_word' id='word_1_106' title='bbox 446 2239 566 2298; x_wconf 88' lang='lat' dir='ltr'><strong>Stantia</strong></span> <span class='ocrx_word' id='word_1_107' title='bbox 579 2258 641 2298; x_wconf 92' lang='lat' dir='ltr'><strong>non</strong></span> <span class='ocrx_word' id='word_1_108' title='bbox 656 2243 801 2318; x_wconf 89' lang='lat' dir='ltr'><strong>poterant</strong></span> <span class='ocrx_word' id='word_1_109' title='bbox 815 2243 898 2297; x_wconf 87' lang='lat' dir='ltr'><strong>tecta</strong></span> <span class='ocrx_word' id='word_1_110' title='bbox 912 2240 1046 2318; x_wconf 89' lang='lat' dir='ltr'><strong>probare</strong></span> <span class='ocrx_word' id='word_1_111' title='bbox 1061 2238 1146 2299; x_wconf 87' lang='lat' dir='ltr'><strong>deos.</strong></span> 
     </span>
    </p>
   </div>
   <div class='ocr_carea' id='block_1_6' title="bbox 702 2369 886 2432">
    <p class='ocr_par' dir='ltr' id='par_1_6' title="bbox 702 2369 886 2432">
     <span class='ocr_line' id='line_1_20' title="bbox 702 2369 886 2432; baseline 0.038 -8"><span class='ocrx_word' id='word_1_112' title='bbox 702 2420 705 2424; x_wconf 90' lang='lat'><em>.</em></span> <span class='ocrx_word' id='word_1_113' title='bbox 799 2369 886 2432; x_wconf 65' lang='lat' dir='ltr'><strong>xlll„</strong></span> 
     </span>
    </p>
   </div>
   <div class='ocr_carea' id='block_1_7' title="bbox 390 2479 1300 2815">
    <p class='ocr_par' dir='ltr' id='par_1_7' title="bbox 405 2479 1188 2567">
     <span class='ocr_line' id='line_1_21' title="bbox 405 2479 1188 2567; baseline 0.001 -26"><span class='ocrx_word' id='word_1_114' title='bbox 405 2483 498 2541; x_wconf 85' lang='lat' dir='ltr'><strong>Casta</strong></span> <span class='ocrx_word' id='word_1_115' title='bbox 513 2500 567 2541; x_wconf 88' lang='lat' dir='ltr'><strong>suo</strong></span> <span class='ocrx_word' id='word_1_116' title='bbox 583 2479 716 2567; x_wconf 77' lang='lat' dir='ltr'><strong>gladium</strong></span> <span class='ocrx_word' id='word_1_117' title='bbox 731 2499 798 2538; x_wconf 87' lang='lat' dir='ltr'><strong>oum</strong></span> <span class='ocrx_word' id='word_1_118' title='bbox 813 2479 955 2541; x_wconf 90' lang='lat' dir='ltr'><strong>traderet</strong></span> <span class='ocrx_word' id='word_1_119' title='bbox 968 2483 1060 2542; x_wconf 87' lang='lat' dir='ltr'><strong>Arria</strong></span> <span class='ocrx_word' id='word_1_120' title='bbox 1074 2483 1188 2562; x_wconf 90' lang='lat' dir='ltr'><strong>Paeto,</strong></span> 
     </span>
    </p>

    <p class='ocr_par' dir='ltr' id='par_1_8' title="bbox 390 2564 1194 2646">
     <span class='ocr_line' id='line_1_22' title="bbox 390 2564 1194 2646; baseline 0.007 -25"><span class='ocrx_word' id='word_1_121' title='bbox 390 2617 392 2621; x_wconf 89' lang='lat'><em>.</em></span> <span class='ocrx_word' id='word_1_122' title='bbox 445 2566 542 2641; x_wconf 78' lang='lat' dir='ltr'><strong>Quem</strong></span> <span class='ocrx_word' id='word_1_123' title='bbox 559 2564 597 2624; x_wconf 90' lang='lat' dir='ltr'><strong>de</strong></span> <span class='ocrx_word' id='word_1_124' title='bbox 612 2564 782 2623; x_wconf 87' lang='lat' dir='ltr'><strong>visceribus</strong></span> <span class='ocrx_word' id='word_1_125' title='bbox 797 2565 1044 2646; x_wconf 77' lang='lat' dir='ltr'><strong>strinxeratipsa</strong></span> <span class='ocrx_word' id='word_1_126' title='bbox 1058 2569 1137 2646; x_wconf 87' lang='lat' dir='ltr'><strong>suis,</strong></span> <span class='ocrx_word' id='word_1_127' title='bbox 1191 2586 1194 2591; x_wconf 87' lang='lat'>·</span> 
     </span>
    </p>

    <p class='ocr_par' dir='ltr' id='par_1_9' title="bbox 404 2641 1300 2815">
     <span class='ocr_line' id='line_1_23' title="bbox 404 2641 1300 2732; baseline 0.003 -24"><span class='ocrx_word' id='word_1_128' title='bbox 404 2649 459 2732; x_wconf 86' lang='lat' dir='ltr'><strong>„Si</strong></span> <span class='ocrx_word' id='word_1_129' title='bbox 477 2669 535 2728; x_wconf 89' lang='lat' dir='ltr'><strong>qua</strong></span> <span class='ocrx_word' id='word_1_130' title='bbox 548 2649 642 2725; x_wconf 80' lang='lat' dir='ltr'><strong>tides,</strong></span> <span class='ocrx_word' id='word_1_131' title='bbox 659 2646 768 2706; x_wconf 89' lang='lat' dir='ltr'><strong>vulnus</strong></span> <span class='ocrx_word' id='word_1_132' title='bbox 784 2647 867 2728; x_wconf 90' lang='lat' dir='ltr'><strong>qnod</strong></span> <span class='ocrx_word' id='word_1_133' title='bbox 880 2649 943 2709; x_wconf 86' lang='lat' dir='ltr'><strong>feei</strong></span> <span class='ocrx_word' id='word_1_134' title='bbox 960 2669 1022 2709; x_wconf 90' lang='lat' dir='ltr'><strong>non</strong></span> <span class='ocrx_word' id='word_1_135' title='bbox 1037 2649 1161 2730; x_wconf 87' lang='lat' dir='ltr'><strong>dolet,“</strong></span> <span class='ocrx_word' id='word_1_136' title='bbox 1182 2641 1300 2730; x_wconf 66' lang='lat' dir='ltr'><strong>iu&#39;qnit3</strong></span> 
     </span>
     <span class='ocr_line' id='line_1_24' title="bbox 445 2731 1265 2815; baseline 0.002 -22"><span class='ocrx_word' id='word_1_137' title='bbox 445 2732 529 2812; x_wconf 91' lang='lat' dir='ltr'><strong>„Sed</strong></span> <span class='ocrx_word' id='word_1_138' title='bbox 546 2732 628 2813; x_wconf 89' lang='lat' dir='ltr'><strong>quod</strong></span> <span class='ocrx_word' id='word_1_139' title='bbox 642 2731 802 2810; x_wconf 83' lang='lat' dir='ltr'><strong>tufaeies,</strong></span> <span class='ocrx_word' id='word_1_140' title='bbox 824 2734 883 2792; x_wconf 89' lang='lat' dir='ltr'><strong>hoc</strong></span> <span class='ocrx_word' id='word_1_141' title='bbox 900 2734 991 2812; x_wconf 90' lang='lat' dir='ltr'><strong>mihi,</strong></span> <span class='ocrx_word' id='word_1_142' title='bbox 1013 2735 1126 2815; x_wconf 80' lang='lat' dir='ltr'><strong>Paete,</strong></span> <span class='ocrx_word' id='word_1_143' title='bbox 1146 2734 1265 2796; x_wconf 78' lang='lat' dir='ltr'><strong>dolet.“</strong></span> 
     </span>
    </p>
   </div>
   <div class='ocr_carea' id='block_1_8' title="bbox 795 2865 877 2928">
    <p class='ocr_par' dir='ltr' id='par_1_10' title="bbox 795 2865 877 2928">
     <span class='ocr_line' id='line_1_25' title="bbox 795 2865 877 2928; baseline 0.024 -2"><span class='ocrx_word' id='word_1_144' title='bbox 795 2865 877 2928; x_wconf 87' lang='lat' dir='ltr'>XIV.</span> 
     </span>
    </p>
   </div>
   <div class='ocr_carea' id='block_1_9' title="bbox 336 2977 1241 3481">
    <p class='ocr_par' dir='ltr' id='par_1_11' title="bbox 336 2977 1241 3481">
     <span class='ocr_line' id='line_1_26' title="bbox 403 2977 1177 3060; baseline 0 -20"><span class='ocrx_word' id='word_1_145' title='bbox 403 2980 555 3059; x_wconf 84' lang='lat' dir='ltr'><strong>Delicias,</strong></span> <span class='ocrx_word' id='word_1_146' title='bbox 577 2981 707 3059; x_wconf 75' lang='lat' dir='ltr'><strong>Caesar,</strong></span> <span class='ocrx_word' id='word_1_147' title='bbox 729 2980 877 3060; x_wconf 80' lang='lat' dir='ltr'><strong>lususque</strong></span> <span class='ocrx_word' id='word_1_148' title='bbox 892 2983 1038 3059; x_wconf 85' lang='lat' dir='ltr'><strong>iocosque</strong></span> <span class='ocrx_word' id='word_1_149' title='bbox 1052 2977 1177 3041; x_wconf 91' lang='lat' dir='ltr'><strong>leonum</strong></span> 
     </span>
     <span class='ocr_line' id='line_1_27' title="bbox 445 3066 1159 3144; baseline -0.007 -14"><span class='ocrx_word' id='word_1_150' title='bbox 445 3066 601 3143; x_wconf 89' lang='lat' dir='ltr'><strong>Vidimus,</strong></span> <span class='ocrx_word' id='word_1_151' title='bbox 622 3066 682 3124; x_wconf 87' lang='lat' dir='ltr'><strong>hoe</strong></span> <span class='ocrx_word' id='word_1_152' title='bbox 697 3067 790 3125; x_wconf 91' lang='lat' dir='ltr'><strong>etiam</strong></span> <span class='ocrx_word' id='word_1_153' title='bbox 803 3072 942 3144; x_wconf 86' lang='lat' dir='ltr'><strong>praestat</strong></span> <span class='ocrx_word' id='word_1_154' title='bbox 956 3066 1071 3124; x_wconf 87' lang='lat' dir='ltr'><strong>harena</strong></span> <span class='ocrx_word' id='word_1_155' title='bbox 1086 3067 1159 3141; x_wconf 84' lang='lat' dir='ltr'><strong>tibi,</strong></span> 
     </span>
     <span class='ocr_line' id='line_1_28' title="bbox 403 3148 1163 3230; baseline -0.003 -20"><span class='ocrx_word' id='word_1_156' title='bbox 403 3152 480 3210; x_wconf 83' lang='lat' dir='ltr'><strong>Cum</strong></span> <span class='ocrx_word' id='word_1_157' title='bbox 493 3169 625 3230; x_wconf 86' lang='lat' dir='ltr'><strong>prensus</strong></span> <span class='ocrx_word' id='word_1_158' title='bbox 639 3148 751 3209; x_wconf 91' lang='lat' dir='ltr'><strong>blando</strong></span> <span class='ocrx_word' id='word_1_159' title='bbox 766 3151 883 3209; x_wconf 81' lang='lat' dir='ltr'><strong>totiens</strong></span> <span class='ocrx_word' id='word_1_160' title='bbox 899 3169 915 3208; x_wconf 92' lang='lat' dir='ltr'><strong>a</strong></span> <span class='ocrx_word' id='word_1_161' title='bbox 931 3148 1026 3208; x_wconf 88' lang='lat' dir='ltr'><strong>dente</strong></span> <span class='ocrx_word' id='word_1_162' title='bbox 1041 3148 1163 3208; x_wconf 87' lang='lat' dir='ltr'><strong>rediret</strong></span> 
     </span>
     <span class='ocr_line' id='line_1_29' title="bbox 336 3230 1126 3314; baseline 0 -19"><span class='ocrx_word' id='word_1_163' title='bbox 336 3243 343 3249; x_wconf 89' lang='lat'>&#39;</span> <span class='ocrx_word' id='word_1_164' title='bbox 443 3236 484 3295; x_wconf 86' lang='lat' dir='ltr'><strong>Et</strong></span> <span class='ocrx_word' id='word_1_165' title='bbox 500 3253 558 3314; x_wconf 89' lang='lat' dir='ltr'><strong>per</strong></span> <span class='ocrx_word' id='word_1_166' title='bbox 573 3239 679 3313; x_wconf 88' lang='lat' dir='ltr'><strong>aperta</strong></span> <span class='ocrx_word' id='word_1_167' title='bbox 693 3252 784 3312; x_wconf 85' lang='lat' dir='ltr'><strong>vagus</strong></span> <span class='ocrx_word' id='word_1_168' title='bbox 800 3238 943 3293; x_wconf 88' lang='lat' dir='ltr'><strong>curreret</strong></span> <span class='ocrx_word' id='word_1_169' title='bbox 958 3250 1011 3291; x_wconf 88' lang='lat' dir='ltr'><strong>ora</strong></span> <span class='ocrx_word' id='word_1_170' title='bbox 1025 3230 1126 3312; x_wconf 88' lang='lat' dir='ltr'><strong>lepus.</strong></span> 
     </span>
     <span class='ocr_line' id='line_1_30' title="bbox 380 3314 1241 3401; baseline 0 -25"><span class='ocrx_word' id='word_1_171' title='bbox 380 3318 493 3378; x_wconf 82' lang='lat' dir='ltr'><strong>5Unde</strong></span> <span class='ocrx_word' id='word_1_172' title='bbox 507 3325 612 3398; x_wconf 88' lang='lat' dir='ltr'><strong>potest</strong></span> <span class='ocrx_word' id='word_1_173' title='bbox 625 3317 729 3401; x_wconf 74' lang='lat' dir='ltr'><strong>avidus</strong></span> <span class='ocrx_word' id='word_1_174' title='bbox 747 3322 855 3396; x_wconf 85' lang='lat' dir='ltr'><strong>raptae</strong></span> <span class='ocrx_word' id='word_1_175' title='bbox 868 3314 920 3375; x_wconf 91' lang='lat' dir='ltr'><strong>leo</strong></span> <span class='ocrx_word' id='word_1_176' title='bbox 937 3335 1067 3395; x_wconf 85' lang='lat' dir='ltr'><strong>parcere</strong></span> <span class='ocrx_word' id='word_1_177' title='bbox 1081 3315 1241 3396; x_wconf 72' lang='lat' dir='ltr'><strong>praedae?</strong></span> 
     </span>
     <span class='ocr_line' id='line_1_31' title="bbox 445 3399 1159 3481; baseline 0.003 -21"><span class='ocrx_word' id='word_1_178' title='bbox 445 3400 508 3460; x_wconf 84' lang='lat' dir='ltr'><strong>Sed</strong></span> <span class='ocrx_word' id='word_1_179' title='bbox 521 3409 623 3461; x_wconf 90' lang='lat' dir='ltr'><strong>tamen</strong></span> <span class='ocrx_word' id='word_1_180' title='bbox 638 3420 706 3461; x_wconf 90' lang='lat' dir='ltr'><strong>esse</strong></span> <span class='ocrx_word' id='word_1_181' title='bbox 722 3407 791 3460; x_wconf 86' lang='lat' dir='ltr'><strong>tuus</strong></span> <span class='ocrx_word' id='word_1_182' title='bbox 807 3399 935 3460; x_wconf 88' lang='lat' dir='ltr'><strong>dicitur:</strong></span> <span class='ocrx_word' id='word_1_183' title='bbox 956 3417 1030 3478; x_wconf 89' lang='lat' dir='ltr'><strong>ergo</strong></span> <span class='ocrx_word' id='word_1_184' title='bbox 1045 3404 1159 3481; x_wconf 86' lang='lat' dir='ltr'><strong>potest.</strong></span> 
     </span>
    </p>
   </div>
   <div class='ocr_carea' id='block_1_10' title="bbox 799 3532 917 3595">
    <p class='ocr_par' dir='ltr' id='par_1_12' title="bbox 799 3532 917 3595">
     <span class='ocr_line' id='line_1_32' title="bbox 799 3532 917 3595; baseline 0 -2"><span class='ocrx_word' id='word_1_185' title='bbox 799 3532 867 3595; x_wconf 87' lang='lat' dir='ltr'><strong>XV.</strong></span> <span class='ocrx_word' id='word_1_186' title='bbox 912 3533 917 3541; x_wconf 77' lang='grc'><em>“</em></span> 
     </span>
    </p>
   </div>
   <div class='ocr_carea' id='block_1_11' title="bbox 316 3647 1206 3813">
    <p class='ocr_par' dir='ltr' id='par_1_13' title="bbox 316 3647 1206 3813">
     <span class='ocr_line' id='line_1_33' title="bbox 316 3647 1206 3728; baseline 0.003 -23"><span class='ocrx_word' id='word_1_187' title='bbox 316 3648 318 3653; x_wconf 85' lang='grc'><strong>’</strong></span> <span class='ocrx_word' id='word_1_188' title='bbox 402 3648 428 3706; x_wconf 92' lang='lat'>0</span> <span class='ocrx_word' id='word_1_189' title='bbox 444 3648 517 3706; x_wconf 91' lang='lat' dir='ltr'><strong>mihi</strong></span> <span class='ocrx_word' id='word_1_190' title='bbox 530 3648 601 3727; x_wconf 85' lang='lat' dir='ltr'><strong>post</strong></span> <span class='ocrx_word' id='word_1_191' title='bbox 614 3648 737 3728; x_wconf 91' lang='lat' dir='ltr'><strong>nullos,</strong></span> <span class='ocrx_word' id='word_1_192' title='bbox 759 3647 833 3727; x_wconf 92' lang='lat' dir='ltr'><strong>luli,</strong></span> <span class='ocrx_word' id='word_1_193' title='bbox 855 3648 1053 3709; x_wconf 90' lang='lat' dir='ltr'><strong>memorande</strong></span> <span class='ocrx_word' id='word_1_194' title='bbox 1068 3647 1206 3726; x_wconf 87' lang='lat' dir='ltr'><strong>sodales,</strong></span> 
     </span>
     <span class='ocr_line' id='line_1_34' title="bbox 421 3731 1129 3813; baseline 0.003 -22"><span class='ocrx_word' id='word_1_195' title='bbox 421 3786 426 3791; x_wconf 88' lang='lat'><em>.</em></span> <span class='ocrx_word' id='word_1_196' title='bbox 444 3732 477 3791; x_wconf 87' lang='lat' dir='ltr'><strong>Si</strong></span> <span class='ocrx_word' id='word_1_197' title='bbox 493 3731 566 3811; x_wconf 86' lang='lat' dir='ltr'><strong>quid</strong></span> <span class='ocrx_word' id='word_1_198' title='bbox 580 3731 672 3813; x_wconf 91' lang='lat' dir='ltr'><strong>longa</strong></span> <span class='ocrx_word' id='word_1_199' title='bbox 685 3733 764 3794; x_wconf 88' lang='lat' dir='ltr'><strong>fides</strong></span> <span class='ocrx_word' id='word_1_200' title='bbox 778 3752 914 3813; x_wconf 82' lang='lat' dir='ltr'><strong>canaque</strong></span> <span class='ocrx_word' id='word_1_201' title='bbox 928 3735 996 3794; x_wconf 90' lang='lat' dir='ltr'><strong>iura</strong></span> <span class='ocrx_word' id='word_1_202' title='bbox 1010 3732 1129 3811; x_wconf 87' lang='lat' dir='ltr'><strong>valent,</strong></span> 
     </span>
    </p>
   </div>
   <div class='ocr_carea' id='block_1_12' title="bbox 0 0 1638 4409">
    <p class='ocr_par' dir='ltr' id='par_1_14' title="bbox 0 0 1638 4409">
     <span class='ocr_line' id='line_1_35' title="bbox 0 0 1638 4409; baseline 0 0"><span class='ocrx_word' id='word_1_203' title='bbox 0 0 1638 4409; x_wconf 95' lang='lat' dir='ltr'><strong> </strong></span> 
     </span>
    </p>
   </div>
  </div>
 </body>
</html>
