3267 4409
325 468 387 533 318
648 466 694 531 Μ.
708 464 802 530 VAL.
817 463 1044 528 MARTIALIS

628 669 678 730 ci.
704 669 815 729 Oleum
837 665 1060 744 Venafranum.

405 771 479 833 Hoc
491 769 550 830 tibi
564 767 710 848 Campani
725 764 845 826 sudavit
859 766 935 826 baca
948 764 1079 829 Venafri
1207 739 1212 748 Ι

451 855 662 934 Unguentum:
680 850 824 930 quotiens
839 851 949 928 sumis,
972 856 1005 909 et
1017 848 1102 910 istud
1116 846 1191 911 olet.

653 984 715 1046 cll.
739 983 858 1043 Garum
872 986 1038 1057 sociorum,

410 1085 586 1167 Expirantis
604 1083 702 1143 adhuc
717 1083 852 1142 scombri
867 1080 906 1141 de
922 1083 1068 1160 sanguiue
1082 1081 1183 1162 primo

452 1170 567 1250 Accipe
582 1168 745 1245 festosnm,
767 1185 895 1225 munera
910 1185 994 1244 cern,
1014 1185 1143 1249 gerum.-

643 1301 719 1364 0111,
744 1301 905 1383 Amphora
919 1301 1047 1362 muriae.

410 1398 630 1480 Antipolitani,
643 1400 773 1478 fateor,
796 1418 862 1459 sum
875 1399 939 1460 filio
952 1396 1077 1478 thynni:

451 1485 560 1547 Essem
574 1485 601 1543 si
615 1485 764 1563 scombri,
785 1503 849 1542 non
863 1484 922 1544 tibi
935 1484 1027 1543 missu
1040 1481 1151 1546 forem.

682 1603 760 1681 clv·
782 1617 847 1678 Mel
862 1618 1014 1678 Atticum.

409 1717 477 1777 Hoc
491 1715 550 1776 tibi
564 1715 683 1779 Thesei
693 1714 869 1796 populatrix
882 1718 965 1775 misit
978 1716 1119 1795 Hymetti

344 1867 347 1872 ¹
451 1799 595 1860 Pulledos
611 1798 726 1860 usilvis
737 1800 842 1860 nobile
857 1807 965 1859 nector
981 1801 1055 1882 opis.
1081 1869 1084 1874 ,

704 1934 769 1997 (IV.
791 1934 873 1994 Favi
884 1931 992 1997 Siculi.

412 2033 489 2094 Cum
507 2029 634 2092 dederis
652 2031 774 2094 Siculos
787 2032 908 2092 mediae
924 2032 963 2093 de
979 2030 1111 2095 collibus
1125 2030 1267 2114 Hyblue,

452 2117 622 2197 Cecropios
638 2116 722 2178 dicas
737 2125 772 2178 tu
784 2116 863 2179 licet
875 2135 945 2177 esse
959 2117 1054 2178 faros.

727 2252 804 2315 cvi.
825 2252 965 2315 Passum.

411 2349 526 2410 Gnosia
535 2348 666 2410 'Minoae
680 2351 787 2428 genuit
800 2348 953 2410 vindemie
967 2350 1081 2410 Cretae

451 2433 520 2495 Hoc
534 2433 609 2513 tibi,
632 2434 714 2514 quod
728 2431 859 2494 mulsum
872 2435 1018 2515 pauperis
1034 2451 1103 2494 esse
1118 2429 1210 2497 solet.

713 2568 805 2632 CVII.
827 2568 978 2632 Rectum.

408 2665 494 2725 Ilaec
510 2662 550 2723 de
563 2665 688 2726 vitifera
702 2669 823 2727 venisse
837 2669 939 2747 picoto
954 2642 1076 2731 Vienne

450 2749 497 2809 Ne
513 2747 652 2829 dubites,
674 2752 758 2811 misit
771 2750 919 2812 Romulus
933 2751 1001 2834 ipse
1015 2744 1102 2812 mihi.

704 2885 809 2948 CVIII.
831 2884 980 2949 Murrum.

410 2983 514 3042 Attice
527 2988 707 3042 nectareum
720 2985 853 3043 turbatis
866 2982 959 3043 mella
973 2980 1150 3044 Falernum.

450 3067 581 3128 Misceri
595 3066 687 3128 decet
701 3067 761 3127 hoc
777 3087 794 3126 a
810 3067 989 3146 Ganymede
1003 3085 1132 3132 merum.
1215 3118 1218 3125 .

708 3201 786 3262 clx.
812 3203 982 3264 Albanum.

407 3313 476 3374 Hoc
491 3311 530 3373 de
545 3312 708 3374 Caesareis
723 3315 806 3375 mitis
821 3314 974 3375 vindemie
988 3311 1078 3375 cellis
1126 3362 1142 3393 0

447 3398 553 3477 Misit,
573 3397 656 3458 Iuleo
673 3418 751 3478 quae
768 3401 828 3460 sibi
842 3406 947 3460 monte
960 3399 1073 3481 placet.

685 3531 750 3593 CX.
771 3531 1003 3598 Surrentinum.

408 3626 591 3690 Surrentina
605 3631 710 3691 bibis?
731 3651 790 3692 nee
808 3635 945 3693 murrIne
958 3634 1060 3731 picto²
1080 3626 1259 3693 nec'eurum

450 3711 559 3774 Sumer
582 3715 697 3778 dabunt
711 3715 825 3778 culices
838 3718 915 3778 hoec
930 3718 988 3779 tibi
1001 3717 1072 3777 vine
1086 3735 1168 3777 suos.
