3267 4409
514 459 868 533 ΙΕΙἸὺἲΙίΑΜΜΑΤΟΝ
880 461 955 525 LIB.
971 463 1023 526 Vl.
1072 450 1081 455 ”
1238 465 1298 529 141

383 611 458 675 Odit
471 616 506 672 et
519 611 685 691 hibernos,
707 612 734 672 si
748 616 895 693 tepuere,
919 612 996 678 dies.

328 697 422 776 5Quid
435 697 545 757 fecere
559 695 633 756 mali
648 704 772 757 nostrae
787 699 861 776 tibi,
883 716 989 777 saeve,
1003 698 1163 779 lacernae,

384 781 514 842 Tollere
530 780 569 840 de
585 783 717 860 scapulis
733 801 808 860 quas
823 781 901 841 levis
918 802 991 842 aura
1002 785 1129 862 potest?

346 867 462 945 Quanto
479 864 667 945 simplicius,
690 873 803 945 quanto
819 872 867 925 est
881 867 1041 927 humanius
1055 866 1152 947 illud,

381 951 493 1012 Mense
507 949 559 1010 vel
573 950 711 1029 Augusto
727 969 850 1011 sumere
866 951 1069 1032 gausapinas‘l

748 1085 813 1148 LX.

318 1256 320 1263 Ι
346 1185 416 1246 Rem
430 1185 545 1244 factam
558 1182 738 1263 Pompullus
753 1185 864 1262 habet,
885 1185 1049 1244 Faustine:
1070 1182 1193 1264 legetur

382 1271 422 1330 ot
434 1287 548 1329 nomen
561 1273 628 1327 toto
643 1261 768 1348 sparget
784 1271 817 1328 in
835 1269 911 1328 orbe
925 1288 1020 1330 suum.

348 1353 393 1428 Sic
405 1352 478 1414 leve
491 1354 639 1413 flavorum
654 1353 753 1412 valeat
767 1372 863 1431 genus
879 1353 1059 1432 Usiporum,

383 1438 528 1517 Quisquis
544 1443 577 1497 et
590 1436 759 1496 Ausonium
773 1457 836 1497 nou
851 1444 930 1497 amat
943 1438 1116 1518 imperium.

332 1521 502 1601 blugeuiosa
514 1527 619 1581 tamen
633 1520 790 1601 Pompulli
803 1523 920 1601 scripta
933 1521 1099 1582 feruntur>

383 1606 445 1669 Sed
458 1607 558 1666 famae
572 1624 634 1665 nou
650 1611 699 1665 est
716 1606 791 1685 hoc,
813 1607 888 1665 mihi
907 1604 1017 1684 crede,
1039 1605 1122 1668 satis.

348 1691 436 1768 Quam
449 1690 539 1751 multi
554 1691 653 1750 tineas
667 1697 797 1770 pascunt
808 1689 983 1769 blattasque
998 1689 1125 1768 diserti,

321 1810 332 1840 .·
383 1776 422 1837 lot
436 1775 593 1836 redimunt
606 1773 667 1834 soli
683 1776 818 1835 carmina
835 1773 927 1834 docta
941 1776 1023 1834 coci!

349 1861 451 1920 Nescio
467 1859 543 1939 quid
558 1857 629 1938 plus
643 1869 708 1936 est,
731 1857 813 1938 quod
829 1857 923 1918 donat
938 1857 1060 1919 saecula
1076 1857 1207 1917 chartis:

323 1950 346 2004 lo
382 1939 526 2010 Victurus
541 1944 674 2005 Genium
689 1942 784 2004 debet
797 1944 914 2004 habere
930 1942 1023 2004 liber.

742 2076 819 2138 LXI.

351 2173 473 2256 Laudat,
497 2181 598 2253 amat,
615 2180 717 2236 cantat
731 2182 854 2236 nostros
869 2195 936 2236 mea
949 2176 1045 2236 Roma
1061 2171 1208 2254 libellos,

384 2261 497 2340 Meque
512 2261 596 2320 sinus
611 2263 724 2339 omnis,
735 2279 794 2320 me
809 2282 915 2322 manus
931 2262 1028 2320 omnis
1042 2261 1145 2320 habet.

353 2341 422 2404 llcce
440 2347 533 2405 rubet
548 2343 687 2424 quidam,
706 2345 821 2424 pallet,
844 2351 963 2426 stupet,
987 2344 1113 2422 oscitat,
1135 2342 1210 2406 odit.

385 2429 448 2490 Hoc
462 2427 550 2492 volo:
572 2449 654 2489 nunc
668 2432 757 2490 uobis
775 2432 909 2491 carmina
923 2435 1029 2490 nostra
1042 2427 1178 2512 placent.

730 2564 822 2629 LXII.

355 2659 450 2722 dmisit
463 2672 554 2743 pater
568 2663 690 2722 unicum
705 2660 850 2722 Salanus:

356 2741 451 2807 Cessas
465 2749 593 2807 mittere
608 2765 751 2824 munera,
775 2745 937 2827 Oppiane?
1012 2784 1016 2793 ι

323 2846 325 2853 ·
355 2825 426 2910 lieu,
447 2830 575 2892 crudele
590 2831 677 2890 nefas
690 2830 851 2908 malaeque
866 2830 996 2891 Parcae!

358 2910 436 2976 Cuius
450 2915 581 2978 volturis
594 2916 654 2976 hoc
669 2917 732 2976 erit
746 2914 898 2976 cadaver?
961 2937 963 2942 ·

357 3141 409 3208 Scis
423 3156 455 3211 te
471 3152 605 3232 captari,
627 3151 688 3210 scis
701 3151 783 3211 huuc
800 3151 852 3229 qui
869 3155 989 3229 captat,
1010 3166 1149 3226 avarum,

386 3232 423 3293 ot
436 3236 496 3296 scis
512 3236 566 3313 qui
579 3241 697 3315 captat,
720 3233 811 3313 quid,
833 3234 989 3309 Marione,
1011 3231 1095 3294 velit.

357 3310 394 3376 To
407 3327 507 3380 tamen
520 3321 602 3380 huuc
616 3319 730 3379 tabulis
744 3317 909 3396 heredem,
932 3317 1044 3396 stulte,
1066 3317 1217 3396 supremis
1328 3366 1331 3371 .
1347 3332 1353 3343 '

387 3401 498 3465 Scribis
514 3409 547 3466 et
565 3422 635 3464 esse
648 3410 703 3464 tuo
717 3405 779 3482 vis,
801 3394 938 3482 furiose,
959 3401 1040 3464 loco.
1115 3404 1131 3437 ’·
1158 3470 1164 3485 ,

342 3483 496 3559 ⁵„Mancra
510 3508 620 3568 magua
633 3494 737 3548 tamen
751 3488 868 3548 misit.“
897 3486 967 3547 Sed'
976 3486 1060 3546 misit
1073 3486 1107 3546 in
1118 3486 1225 3558 hamo;

387 3571 424 3632 ot
436 3575 623 3654 piscatorem
638 3575 732 3654 piscis
748 3591 850 3632 amare
865 3571 993 3653 potest‘.l

358 3649 453 3718 Hicine
468 3656 599 3719 deflebit
612 3676 687 3718 vero
703 3665 755 3718 tua
768 3657 832 3717 fata
847 3655 979 3716 dolore?
1259 3720 1262 3725 ,

391 3738 420 3800 Si
432 3744 540 3825 cupis,
554 3748 589 3804 ut
601 3742 721 3824 ploret,
743 3740 815 3820 des,
837 3740 993 3821 Marione,
1013 3736 1103 3802 nihil.
1141 3736 1181 3793 :i
