3267 4409
564 454 993 521 nnammmauounn.
1009 455 1030 518 1.
1274 455 1317 517 aa
1372 413 1380 429 ’

338 607 426 678 asra
441 601 469 672 si
482 567 543 671 nec
555 609 644 669 focus
660 614 708 668 est
721 626 780 668 uec
792 607 869 667 nudi
882 608 1000 688 sponda
1015 609 1133 686 grabati

398 697 466 757 Nec
481 699 588 755 curtus
603 693 739 753 Chiones
753 693 943 772 Antiopesve
959 691 1054 771 calix,

357 782 460 843 Ocrea
476 780 504 839 si
518 777 637 860 pendet
651 775 764 836 lumbis
780 783 813 836 et
827 777 943 856 scripta
957 774 1084 838 lacerna

398 862 612 941 Dimidiasque
628 868 717 921 nates
733 859 853 921 Gallica
866 862 959 920 braca
972 863 1069 941 tegit,

356 949 502 1011 Pasceris
517 954 551 1007 et
564 947 671 1025 nigrae
688 943 756 1005 solo
771 944 882 1005 nidore
898 947 1018 1007 culinae

321 1047 352 1098 10
397 1035 441 1096 Et
455 1033 537 1093 bibis
554 1028 739 1090 immundam
755 1049 824 1089 curu
839 1049 914 1088 cane
932 1050 1046 1110 pronus
1064 1051 1187 1110 aquam:

355 1119 424 1180 Non
439 1117 559 1194 culum,
580 1114 683 1194 neque
698 1115 780 1174 enim
794 1120 843 1174 est
859 1113 961 1193 culus,
990 1117 1040 1193 qui
1055 1135 1116 1175 non
1132 1123 1217 1177 cacat
1231 1115 1313 1194 olim,

400 1201 464 1263 Sed
480 1199 597 1261 fodiam
612 1197 709 1278 digito
727 1199 779 1276 qui
793 1204 937 1277 superest
952 1198 1082 1263 oculum.

357 1287 423 1348 Nee
437 1303 489 1346 me
503 1281 681 1363 zelotypum
694 1302 752 1342 nec
767 1281 883 1343 dixeris
898 1302 967 1345 esse
982 1283 1162 1364 malignum:

397 1371 542 1449 lienique
556 1367 702 1450 paedica‚
723 1368 931 1441 Mamuriane,
954 1377 1048 1430 satur.

744 1496 849 1564 xcni.
910 1475 919 1490 '

358 1619 501 1680 Fabricio
516 1619 638 1677 iunctus
651 1615 714 1678 fido
728 1618 898 1696 requiescit
912 1617 1068 1696 Aquinus,

400 1705 461 1780 Qui
473 1703 563 1784 prior
576 1700 698 1780 Elysias
707 1701 827 1780 gaudet
842 1701 942 1761 adisse
958 1702 1073 1764 domos,

362 1789 424 1861 Ara
436 1786 551 1867 duplex
564 1787 657 1866 primi
671 1793 804 1854 testatur
818 1805 945 1846 munera
958 1786 1030 1866 pili:

400 1870 474 1931 Plus
489 1875 594 1931 tamen
608 1876 672 1947 est,
693 1869 784 1930 titulo
800 1871 882 1948 quod
899 1872 1043 1930 breviore
1056 1871 1152 1946 legis:

344 1957 491 2018 tiaratos
506 1962 638 2034 uterque
652 1972 741 2014 sacro
758 1955 909 2015 laudatae
921 1955 1048 2028 foedere
1062 1958 1162 2029 vitoe,

401 2040 566 2120 Famaque
585 2039 669 2119 qaod
683 2058 756 2098 raro
772 2038 873 2116 accit,
897 2041 1015 2099 amicas
1030 2047 1111 2098 erat.

739 2172 846 2235 xciv.

361 2284 495 2344 Cantasti
510 2281 607 2363 mule,
629 2282 701 2345 dum
713 2285 815 2345 fututa
830 2304 881 2364 es,
899 2283 1008 2364 Aegle.

363 2369 419 2429 lam
435 2375 541 2455 cantas
555 2370 654 2444 bene;
675 2369 821 2431 basianda
835 2389 897 2430 non
913 2389 955 2431 es.

750 2519 845 2602 xcv.

365 2629 449 2708 Quod
465 2619 577 2690 clamas
589 2623 732 2710 semper,
754 2627 838 2708 quod
852 2631 1012 2708 agentibus
1028 2630 1198 2712 obstrepis,
1214 2627 1295 2708 Aeli,
1343 2669 1345 2674 -

400 2715 468 2775 Nou
484 2714 561 2773 iacis
576 2715 634 2773 hoc
649 2715 761 2793 gratis:
781 2715 910 2795 accipis,
928 2718 963 2775 ut
976 2720 1089 2777 taceas.

741 2848 850 2911 xcvl.

362 2959 393 3020 Si
407 2959 469 3021 uon
483 2960 646 3021 molestum
661 2967 709 3021 est
722 2966 819 3040 teque
834 2981 896 3021 nou
911 2962 1020 3041 piget,·
1037 2982 1165 3040 scazon,

361 3045 473 3105 Nostro
487 3064 630 3124 rogamus
645 3063 741 3124 pauca
754 3048 850 3105 verba
863 3046 1009 3106 Materno

361 3129 449 3189 Dicas
465 3130 498 3188 in
514 3147 619 3188 aurem
633 3130 678 3188 sic
691 3135 726 3188 ut
740 3130 844 3189 audiat
863 3128 957 3191 solus,

360 3214 486 3274 rimator
501 3212 559 3273 ille
573 3214 708 3273 tristium
722 3212 916 3273 lacernarum

345 3298 402 3358 aut
416 3298 594 3359 baeticatus
603 3303 695 3376 atque
708 3297 964 3378 leucophaeatus,

363 3383 419 3458 Qui
434 3384 609 3443 coccinatos
624 3402 687 3440 non
700 3389 788 3462 putat
801 3385 884 3442 viros
901 3401 970 3442 esse

362 3467 655 3546 Amethystinasque
669 3466 834 3526 mulierum
848 3473 936 3527 avocat
948 3464 1067 3545 ve'stes,

361 3550 465 3612 Nativa
477 3550 602 3629 landet,
623 3552 737 3611 habeat
751 3558 783 3609 et
796 3550 875 3611 licet
888 3570 1011 3630 semper

362 3634 475 3695 Fuscos
493 3634 634 3713 colores,
658 3634 799 3713 galbinos
810 3636 905 3695 habet
917 3652 1031 3701 mores.

331 3711 506 3865 wllfg‘bst’
526 3719 610 3781 unde
629 3721 768 3800 suspicer
782 3721 880 3781 virum
894 3717 1029 3780 mollem.

397 3823 466 3866 aar.
1099 3803 1120 3866 d
