3267 4409
717 455 842 504 smus
865 457 924 505 VII.

324 594 480 654 Lautorum
502 610 627 671 pueros:
649 603 739 655 artem
761 596 880 655 scindes
902 595 1058 657 Theodori.

325 679 435 738 Balnea
461 680 605 737 sescentis
629 687 658 738 et
679 678 769 756 pluris
792 681 932 757 porticus,
956 681 1062 759 inqua

305 753 464 822 ¹Gestetur
485 762 633 838 dominus,
655 764 770 840 quoties
791 763 877 840 pluit;
898 782 971 823 anne
992 783 1126 825 serenum

325 845 492 923 Exspectet
512 855 688 924 spargatque
712 847 772 906 luto
794 848 918 908 iumenta
939 847 1072 910 recenti?
1261 862 1311 914 180

325 929 380 988 llio
403 931 514 1007 potius,
536 948 659 1007 namque
682 930 729 989 hic
750 931 871 991 mundae
890 933 962 992 nitet
984 933 1088 1010 ungula
1110 933 1214 993 mulae.

325 1013 411 1088 Parte
433 1012 489 1073 ulia
512 1013 607 1090 longis
628 1012 810 1074 Numidarum
833 1015 903 1077 iulta
926 1016 1064 1077 columnis

326 1099 433 1173 Surget
455 1105 484 1155 et
503 1097 648 1174 algentem
669 1100 762 1176 rapiat
778 1101 911 1159 coenatio
931 1102 1034 1160 solem.

327 1180 555 1257 Quanticumque
579 1181 697 1256 domus,
719 1184 817 1242 veniet
840 1185 887 1262 qui
910 1184 1020 1245 l’ercula
1034 1184 1127 1245 docte

328 1262 504 1342 Gomponat;
527 1266 624 1324 veniet
644 1267 692 1344 qui
714 1266 904 1344 pulmentaria
927 1269 1033 1328 condit.
1091 1342 1095 1347 ᾖ
1261 1278 1311 1330 185

325 1347 388 1410 Hos
410 1351 484 1407 inter
504 1358 633 1426 sumptus
655 1352 789 1423 sestertia
811 1350 997 1426 Quintiliano,

325 1433 365 1494 Ut
384 1433 518 1508 multum,
541 1433 597 1493 duo
619 1434 779 1494 suihcient:
800 1453 849 1494 res
871 1435 948 1495 nulla
970 1436 1087 1495 minoris

327 1515 481 1577 Constabit
502 1519 591 1595 patri,
614 1535 699 1594 quam
722 1517 932 1579 lilius-Unde
954 1521 1041 1596 igitur
1061 1526 1104 1579 tot

327 1600 518 1673 Quintilianus
542 1600 630 1660 habet
652 1598 766 1662 saltus?
782 1600 982 1681 -Exempla
1001 1619 1140 1663 novorum

326 1683 463 1744 Fatorum
482 1686 586 1745 transi:
609 1684 683 1745 felix
703 1696 732 1746 et
753 1684 877 1764 pulcher
899 1696 928 1746 et
949 1704 1034 1763 acer,
1091 1704 1095 1712 ¹
1264 1696 1312 1749 190

325 1768 412 1828 Felix
435 1777 463 1826 et
483 1771 599 1846 sapiens
621 1777 650 1828 et
671 1769 777 1830 nobilis
798 1778 828 1829 et
848 1788 1023 1848 generosus,

326 1853 499 1931 Appositam
521 1853 621 1929 nigrae
640 1852 735 1914 lunam
756 1853 1017 1932 subtexit-alutam
1103 1918 1106 1923 ,

325 1935 413 1997 Felix
433 1944 531 1995 orator
553 1954 669 2015 quoque
692 1938 830 1999 maximus
853 1947 883 1998 et
903 1938 1057 2006 iaculator;

327 2020 383 2095 Et,
405 2021 430 2079 si
453 2020 600 2097 perfrixit,
621 2031 715 2082 cantat
736 2021 823 2080 boue.
865 2020 959 2082 Distat
982 2023 1075 2098 enim,
1098 2038 1172 2099 quae

327 2105 432 2165 Sidera
455 2113 484 2162 te
505 2105 650 2182 echpiant
671 2105 758 2165 modo
779 2107 888 2184 primos
909 2106 1094 2184 incipientem
1262 2113 1311 2165 195

327 2187 426 2248 Edere
446 2189 559 2265 vagitus
578 2199 612 2248 -et
633 2188 726 2248 adhuc
747 2207 762 2248 a
784 2197 876 2250 matre
898 2189 1058 2249 rubentem.

327 2273 359 2332 Si
371 2274 496 2336 Fortuna
517 2272 614 2347 volet,
638 2272 692 2332 lies
713 2273 750 2333 de
772 2273 889 2333 rhetore
912 2274 1028 2339 consul:

327 2359 359 2417 Si
382 2357 462 2415 volet
483 2356 556 2416 haec
579 2356 698 2432 eadem,
721 2357 774 2416 lies
797 2357 837 2417 de
857 2358 977 2417 consule
999 2357 1107 2417 rhetor.

326 2440 480 2500 Ventidius
503 2440 570 2518 quid
594 2438 687 2500 enimi
709 2441 777 2520 quid
800 2440 931 2501 Tullius‘l
954 2459 1026 2502 anne
1050 2440 1127 2502 aliud
1157 2455 1241 2518 quam
1281 2501 1283 2505 .

328 2524 415 2585 Sidus
440 2534 469 2583 et
492 2525 600 2583 occulti
622 2526 747 2585 miranda
770 2529 899 2603 potentia
920 2522 992 2587 lati?
1261 2532 1313 2584 200

328 2610 429 2669 Servis
449 2627 538 2684 regna
561 2608 683 2685 dabunt,
707 2611 828 2688 captivis
847 2611 906 2671 fata
925 2608 1106 2688 triumphum.

327 2692 413 2752 Felix
430 2692 480 2752 illc
499 2702 594 2752 tamen
612 2711 705 2762 ,corvo
728 2711 844 2772 quoque
866 2696 960 2756 rarior
982 2694 1060 2754 albo.

328 2777 472 2837 Poenituit
494 2777 598 2835 multos
619 2795 711 2838 vanae
733 2779 900 2856 sterilisque
924 2779 1090 2851 cathedrae,

328 2861 412 2920 Sicut
432 2859 638 2934 Thrasymachi
661 2860 765 2938 prohat
783 2863 878 2922 exitus
899 2871 984 2940 atque
1008 2858 1133 2921 Secundi

329 2943 503 3004 Carrirmtis:
524 2954 552 3004 et
573 2943 649 3003 hunc
668 2946 784 3023 inopem
805 2946 933 3021 vidistis,
955 2944 1100 3018 Athenae,
1262 2951 1312 3001 205

327 3027 377 3088 Nil
397 3038 516 3106 praeter
537 3028 651 3105 gelidas
673 3047 761 3088 ausae
783 3029 917 3088 conferre
941 3029 1060 3088 cicutas.
1156 3030 1176 3068 Γ

327 3112 383 3187 Di,
405 3113 543 3172 maiorum
566 3111 673 3172 umbris
692 3121 806 3172 tenuem
828 3121 857 3172 et
874 3114 940 3171 sine
962 3111 1093 3189 pondere
1112 3119 1235 3182 terram,

328 3197 539 3274 spirantesque
564 3214 668 3256 crocos
691 3205 720 3255 et
741 3199 768 3254 in
787 3214 858 3256 urna
880 3205 1051 3275 perpetuum
1072 3212 1140 3269 ver,

329 3279 386 3352 Qui
409 3290 633 3359 praeceptorem
655 3281 746 3340 sancti
770 3281 892 3340 voluere
913 3280 1041 3359 parentis

328 3362 406 3422 Esse
428 3364 511 3425 loco!
534 3363 665 3424 Metuens
685 3366 786 3441 virgae
807 3365 862 3424 iam
883 3363 1000 3442 grandis
1020 3360 1153 3421 Achilles
1263 3369 1315 3420 ‘ilo

331 3445 473 3508 Cantahat
494 3450 595 3527 patriis
615 3451 643 3507 in
664 3448 808 3508 montibus
839 3455 869 3506 et
897 3448 942 3507 cui
962 3463 1020 3506 non
1039 3454 1106 3505 tunc

327 3530 462 3590 Eliceret
483 3534 570 3591 risum
592 3531 752 3592 citharoedi
775 3532 866 3593 cauda
887 3530 1032 3607 magistri:

329 3615 391 3675 Sed
415 3615 517 3674 Rufum
540 3624 626 3693 atque
647 3616 721 3677 alios
743 3614 837 3676 caedit
857 3633 909 3675 sua
926 3630 1071 3692 quemque
1091 3612 1236 3695 iuventus,

330 3698 453 3777 Rufum,
479 3717 564 3778 quem
588 3701 675 3760 toties
699 3697 872 3761 Ciceronem
893 3698 1056 3776 Allobroga
1076 3696 1156 3759 dixit.
1204 3696 1369 3897 sitq

1070 3781 1112 3841 h*
1223 3782 1226 3787 '
