3267 4409
644 461 689 523 M.
705 461 798 523 VAL.
815 458 1041 522 MARTIALIS

813 664 877 724 LII.

410 779 501 839 Novit
513 777 630 837 loturas
645 777 754 837 Dasius
768 794 948 836 numerare:
969 777 1112 856 poposcit

451 864 650 924 Mammosam
664 860 812 942 Spatalen
828 880 885 940 pro
902 862 1016 921 tribus:
1037 859 1094 921 illa
1109 859 1205 922 dedit.

811 995 887 1056 LIII.

410 1112 466 1175 Vis
480 1112 550 1170 fieri
565 1108 668 1169 liber?
689 1110 847 1186 mentiris,
869 1109 1019 1186 Maxime,
1041 1127 1104 1167 non
1118 1109 1179 1168 vis:
1224 1104 1229 1119 '

329 1228 336 1245 ι
453 1194 515 1255 Sed
530 1194 600 1253 fieri
615 1194 641 1252 si
656 1195 718 1270 vis,
738 1194 795 1252 Irae
810 1195 931 1252 ratione
946 1199 1045 1272 potes.

409 1281 504 1340 Liber
519 1279 598 1355 ems,
621 1296 733 1337 cenare
748 1278 825 1337 foris
841 1279 883 1353 εἰ,
905 1278 1057 1354 Maxime,
1078 1274 1183 1353 noles,

453 1365 627 1425 Veientana
640 1367 722 1421 tuam
739 1363 764 1421 si
780 1361 883 1421 domat
897 1362 1065 1437 orosium,

389 1447 445 1507 5Si
460 1445 566 1506 ridere
581 1452 671 1526 potes
687 1447 792 1506 miseri
808 1444 1015 1525 chrysendeta
1029 1445 1163 1524 Cinnae,

452 1533 624 1591 Contentus
638 1538 744 1590 nostra
759 1532 785 1590 si
800 1537 890 1609 potes
906 1549 975 1589 esse
991 1537 1078 1608 toga,

411 1615 442 1675 Si
458 1614 582 1695 plebeia
598 1616 703 1676 Venus
718 1616 839 1693 gemino
855 1616 913 1674 tibi
926 1615 1059 1673 vincitur
1075 1633 1160 1692 asse,

452 1701 485 1758 Si
500 1707 552 1759 tua
566 1719 627 1757 non
644 1706 747 1758 rectus
763 1706 846 1758 tecta
861 1699 964 1758 subire
979 1704 1079 1778 potes.

410 1778 494 1843 Haec
509 1785 567 1843 tibi
582 1785 609 1842 si
623 1784 667 1842 vis
684 1789 748 1860 est,
771 1785 797 1842 si
812 1783 923 1842 mentis
939 1789 1023 1842 tanta
1037 1788 1195 1862 potestas,

368 1878 403 1929 10
451 1868 595 1928 Liberior
608 1868 724 1926 Partho
739 1869 844 1927 vivere
860 1883 935 1944 rege
949 1874 1048 1948 potes.

804 2016 882 2078 LIV.

411 2132 493 2207 Quid
507 2131 546 2193 de
561 2139 610 2207 te,
633 2129 727 2206 Line,
750 2131 924 2209 suspicetur
939 2149 1014 2188 uxor
1110 2125 1124 2141 ”

411 2217 452 2275 Et
468 2238 526 2295 qua
541 2223 630 2296 parte
644 2212 722 2272 velit
736 2213 944 2293 pudiciorem,
993 2242 996 2247 ·

411 2300 514 2358 Certis
529 2299 651 2359 indiciis
666 2299 739 2356 satis
753 2299 909 2377 probavit,

411 2382 578 2443 Custodem
593 2382 650 2442 tibi
666 2377 743 2459 quae
760 2380 847 2441 dedit
861 2381 1036 2462 spadonem.

389 2465 464 2526 5Nil
478 2468 614 2526 nasutius
628 2465 685 2523 hac
701 2464 925 2545 maligniusque
941 2474 998 2528 est.

812 2601 877 2664 LV.

409 2712 465 2774 Vis
481 2719 528 2789 te,
551 2684 661 2791 Sexte,
683 2713 760 2787 colit
782 2713 922 2774 volebam
939 2733 1048 2775 amare.
1157 2700 1165 2713 Χ

409 2796 646 2858 Parendum'est
662 2799 733 2857 tibi:
756 2797 838 2876 quod
853 2800 958 2878 iubes,
981 2799 1109 2860 coleris:
1237 2856 1248 2868 ,

410 2880 474 2941 Sed
488 2883 514 2942 si
529 2889 561 2942 te
577 2882 661 2960 colo,
684 2883 794 2961 Sexte,
815 2903 877 2942 non
893 2885 1007 2944 amabo.
1180 2880 1184 2888 ’

809 3018 887 3081 LVI.

412 3129 564 3190 Gentibus
579 3131 611 3189 in
626 3131 750 3210 Libycis
765 3152 842 3192 uxor
858 3140 926 3212 tua,
949 3131 1057 3209 Galle,
1079 3131 1159 3191 male
1176 3132 1261 3212 audit

453 3213 635 3275 Immodicae
650 3215 742 3275 Ioedo
759 3218 888 3276 erimine
905 3219 1057 3276 avaritiae.

411 3295 473 3355 Sed
488 3319 572 3359 mera
585 3310 749 3359 narrantur
763 3299 938 3359 mendacia:
960 3320 1021 3359 non
1037 3299 1118 3360 solet
1130 3299 1187 3360 illa

451 3381 603 3462 Accipere
618 3385 749 3444 omniuo.
781 3383 863 3457 Quid
877 3381 959 3444 solet
974 3385 1072 3464 ergo?
1101 3386 1191 3445 Dare.

802 3516 893 3576 LVII.

409 3622 469 3682 IIic
485 3643 574 3700 quem
589 3626 700 3687 vIdetIs
717 3629 873 3705 gressibus
887 3629 969 3706 vagIs
984 3616 1119 3705 lentum,
1189 3636 1197 3645 “

411 3706 675 3788 Amethystinatus
690 3709 791 3772 medic
807 3713 859 3791 qui
873 3721 958 3773 secat
974 3713 1085 3793 Septa,
