3267 4409
617 465 744 517 sauma
766 467 826 516 xv.
1219 459 1279 525 tos

292 607 422 673 listune
448 604 571 687 imperio
591 607 750 685 gemimus,
775 623 860 685 quum
881 606 965 670 iones
990 611 1108 674 adultae

291 693 423 773 Virginis
445 693 573 753 oeeurrit
596 691 646 753 rel
668 700 747 752 terra
769 691 914 752 clauditur
938 694 1032 755 inians

291 776 332 841 Et
354 778 536 855 minorique
558 777 638 853 rogi3
662 777 727 855 quis
750 775 826 836 euim
847 775 942 837 bouus
965 788 995 839 et
1015 779 1081 843 iaoe
1103 783 1207 863 dignus
1230 795 1283 852 tao

291 860 428 937 huna,
451 860 567 940 qualem
593 857 712 920 Cereris
733 859 796 919 rult
819 877 887 921 esse
910 863 1062 941 sacerdos,

291 944 361 1009 lille
384 945 479 1006 aliena
500 942 555 1005 sibi
580 944 674 1005 eredit
693 941 791 1005 malai
828 944 955 1022 Separat
976 946 1035 1009 hoo
1056 966 1111 1011 uos

291 1029 322 1093 Δ
345 1046 440 1108 grege
461 1038 619 1104 mutorum,
643 1037 730 1108 atque
752 1027 821 1088 ideo
843 1030 1013 1092 venerabile
1035 1033 1093 1095 soli

292 1114 395 1179 sontii
416 1113 561 1192 ingenium
583 1112 803 1191 divinorumque
825 1131 953 1192 oepeoes

291 1198 399 1278 Atque·
419 1196 593 1259 exercendis
619 1197 829 1276 capiendisque
855 1196 965 1258 artibus
990 1201 1051 1279 epti
1229 1218 1280 1275 145

291 1284 418 1347 &usum
444 1299 462 1343 a
484 1280 609 1342 eoelesti
634 1280 790 1348 demissum
810 1283 949 1343 traximus
970 1301 1051 1361 erne,

293 1364 383 1430 cuns
405 1374 494 1444 egent
514 1379 607 1445 prona
630 1374 660 1426 et
681 1374 787 1425 terrem
808 1365 982 1444 spectantia.
1019 1368 1117 1433 llurdi

292 1450 439 1530 Priueiplo
463 1449 581 1511 Indulsit
606 1449 763 1511 eommunis
786 1448 921 1510 eonditor
942 1450 1001 1513 illis
1071 1479 1077 1491 ·

293 1534 416 1598 Tnnmm
439 1535 565 1611 animas,
586 1533 672 1594 nobis
693 1535 815 1594 animum
837 1552 972 1614 quoqne,
995 1546 1110 1602 mutuus
1129 1552 1163 1605 nt
1182 1558 1237 1607 nos

292 1620 427 1683 Affectus
449 1626 553 1699 petere
575 1620 709 1679 auxilinm
733 1627 762 1678 et
787 1627 939 1697 praestare
960 1619 1087 1701 iuberet,
1229 1642 1281 1698 150

292 1702 454 1785 Dispersus
477 1701 594 1764 trahere
615 1703 644 1763 iu
665 1701 821 1782 populum,
843 1704 969 1782 migrare
991 1715 1110 1770 vetusto

292 1786 341 1851 lle
361 1804 481 1849 nemore
503 1796 533 1847 et
553 1788 673 1867 proavis
697 1785 840 1848 habitatas
861 1787 995 1867 linquere
1020 1792 1120 1872 silvas,
1241 1825 1244 1832 ·

292 1872 460 1935 Aedilioere
481 1870 601 1949 doulos,
624 1870 735 1932 laribus
760 1873 941 1950 coniungere
961 1875 1068 1937 nostris

293 1955 415 2031 'laetum
436 1955 529 2032 eliud,
556 1964 635 2017 tutos
655 1957 753 2016 vieiuo
778 1956 876 2017 limine
898 1973 1017 2017 somnos

291 2040 333 2103 [lt
356 2040 463 2103 eollnta
483 2040 567 2102 daret
588 2040 710 2116 lldneie,
734 2049 894 2119 protegere
916 2041 1003 2105 armis
1228 2060 1279 2116 155

291 2124 417 2204 lapsum
442 2132 491 2186 ant
512 2124 621 2203 ingenti
641 2133 788 2185 nutantem
809 2124 930 2186 vulnere
952 2126 1057 2205 eirem,

293 2207 444 2271 commum
465 2209 535 2269 dere
557 2210 640 2288 signa
662 2208 747 2287 tuba,
775 2207 928 2269 defendier
952 2208 1045 2271 isdem

293 2292 434 2355 Turribus
455 2303 543 2373 atque
564 2312 620 2354 uua
642 2303 791 2372 portarum
816 2292 901 2367 olane
925 2295 1029 2354 teneri.

293 2377 356 2441 Sed
377 2378 432 2439 iem
456 2387 622 2458 serpentum
643 2377 736 2439 maior
757 2377 933 2446 eoncordia:
956 2378 1051 2456 paruit
1191 2446 1195 2455 ,

294 2460 435 2541 cognatis
456 2463 577 2523 maculis
598 2461 700 2523 similis
723 2461 805 2523 iera:
831 2461 946 2542 quaudo
968 2460 1049 2524 leoni
1228 2478 1281 2536 ιω

292 2545 411 2609 Fortior
433 2547 539 2626 eripuit
557 2548 645 2608 ritem
666 2543 739 2606 leo‘l
764 2563 823 2625 qno
844 2562 966 2607 nemore
987 2565 1121 2630 umquem

293 2629 462 2710 Exspiravit
486 2648 559 2711 aper
579 2631 696 2690 maioris
718 2629 855 2692 dentibus
876 2629 962 2710 april

292 2714 393 2779 ludios
415 2716 498 2794 tigris
525 2717 586 2794 agit
605 2714 705 2776 rabida
728 2733 793 2778 oum
814 2716 922 2793 tigride
944 2733 1049 2795 paoem

293 2799 486 2880 Perpetuam,
512 2800 609 2861 saeris
632 2802 707 2860 inter
729 2816 763 2860 se
786 2801 922 2860 convenit
939 2802 1032 2860 ursis:

294 2884 351 2945 Ast
373 2882 479 2945 homini
500 2884 608 2945 ierrum
630 2883 720 2946 letale
742 2884 848 2946 inoude
870 2882 994 2944 nemnda
1227 2897 1280 2954 165

292 2967 472 3033 Produxisse
497 2986 597 3048 parum
622 2978 682 3045 est,
708 2987 794 3048 quum
815 2977 908 3028 rastra
930 2974 961 3027 et
986 2969 1100 3034 sessula
1120 2978 1227 3032 nutum

292 3052 415 3115 menen·
438 3070 568 3134 coquere
592 3063 622 3114 et
639 3055 741 3114 marris
763 3071 799 3114 ae
820 3068 940 3113 vomere
964 3051 1036 3114 lassi

292 3136 461 3200 Neseieriut
485 3138 568 3218 primi
589 3138 706 3216 gladios
731 3138 891 3199 extendere
912 3135 998 3198 fabri.

291 3221 461 3302 Aspicimus
482 3222 627 3302 populos,
651 3240 773 3302 quornm
795 3240 854 3283 nou
875 3221 984 3282 suifloit
1005 3220 1066 3284 irae

294 3304 449 3368 Oeoidisse
470 3307 612 3387 aliquem,
636 3307 689 3368 sed
712 3316 853 3387 pectora,
877 3305 1012 3382 brachia,
1034 3306 1144 3367 vultum
1228 3314 1281 3372 170

293 3388 480 3453 crediderint
499 3410 594 3470 genus
615 3409 683 3452 esse
707 3391 765 3452 eibi
772 3412 780 3460 3
805 3391 874 3471 quid
895 3392 1008 3452 diceret
1033 3409 1105 3468 ergo

289 3474 350 3536 Vel
377 3493 435 3554 quo
460 3494 518 3536 nou
540 3475 672 3554 ingeret,
697 3477 721 3536 si
745 3493 822 3536 neue
842 3475 917 3536 liaeo
939 3484 1066 3536 monstra
1090 3475 1216 3552 rideret,
1254 3500 1256 3504 ·

289 3558 493 3637 Pythagoras,
519 3562 631 3622 eunetis
655 3560 824 3622 animalibus
845 3558 982 3620 abstinuit
1001 3560 1051 3638 qui
1244 3626 1246 3629 ,

290 3642 450 3724 Tamquam
473 3645 590 3706 homine
617 3655 647 3707 et
674 3645 767 3706 ventri
792 3644 910 3707 indulsit
931 3661 989 3706 uon
1014 3661 1099 3705 omne
1122 3643 1280 3722 legumen?
