3267 4409
558 428 1049 497 EP1GRAMMATONo1n.1x.
1258 434 1321 499 225

414 583 566 664 Abstulit,
587 586 625 646 ab
642 584 747 665 Stygia
761 605 829 645 cum
846 603 920 644 canc
935 586 1020 646 venit
1035 567 1128 665 aquic,

361 668 546 741 ,Fecundam
559 671 658 730 vetuit
676 671 815 750 reparari
829 670 979 728 mortibus
993 669 1137 751 hydram,

324 765 363 818 lo
410 751 581 834 Hesperias
596 753 698 813 Tusco
711 752 786 814 lavit
800 754 832 812 in
848 771 935 812 amne
949 754 1051 814 borea.

367 838 454 899 Haec
469 839 571 897 minor.
582 835 724 897 Alcidess
743 838 840 896 maior
855 855 934 915 quac
947 839 1095 918 gesserit,
1116 838 1201 919 audi,

411 923 522 982 Sextus
537 923 574 981 ab
587 920 707 982 Albana
720 940 811 1001 quem
826 919 902 980 colit
916 940 987 981 arce
1001 919 1089 1003 lapis.

367 1007 512 1067 Asseruit
524 1024 666 1085 possessa
678 1005 766 1065 malis
779 1003 897 1080 Palatia
912 1007 1032 1085 regnis:

408 1090 513 1150 Prima
528 1108 583 1149 suo
597 1090 694 1167 gessit
707 1109 763 1170 pro
779 1090 849 1149 Iove
863 1088 948 1149 bella
960 1108 1047 1169 puer.

326 1173 458 1238 rosolus
473 1172 572 1234 Iuleas
586 1192 654 1233 cum
668 1175 728 1233 iam
744 1174 898 1233 retineret
911 1174 1063 1252 habenas,

410 1257 557 1318 Tradidit
568 1257 663 1336 inque
678 1277 732 1317 suo
746 1258 858 1317 tertius
873 1260 949 1317 orbe
962 1258 1031 1319 fuit.

367 1343 492 1404 Cornua
506 1341 666 1421 Sarmatici
680 1347 730 1401 ter
744 1339 864 1421 perfida
879 1341 1018 1401 contudit
1032 1343 1150 1423 Histri,

410 1424 577 1486 Sudantem
594 1425 704 1486 Getica
718 1432 767 1485 ter
784 1424 856 1484 nive
871 1422 945 1484 lavit
960 1444 1080 1505 equum.

367 1509 468 1590 Saepe
482 1514 640 1569 recusatos
653 1529 764 1591 parcus
779 1508 901 1568 duxisse
916 1511 1088 1590 triumphos

323 1605 360 1659 20
409 1595 518 1658 Victor
532 1593 739 1674 Hyperboreo
753 1611 865 1653 nomen
881 1594 917 1652 ab
932 1595 1008 1653 orbe
1022 1592 1103 1654 tulit.

368 1677 505 1758 Templa
517 1675 599 1755 deis,
620 1696 722 1737 mores
735 1676 849 1758 populo
865 1674 966 1754 dedit,
987 1679 1048 1738 otia
1061 1679 1164 1758 ferro,

409 1764 502 1823 Astra
517 1762 597 1838 auis,
619 1761 704 1821 caelo
720 1761 840 1838 sidera,
863 1767 947 1821 serta
959 1762 1031 1823 lovi.
1160 1770 1164 1781 “

365 1844 556 1909 Herculeum
570 1847 664 1905 tantis
678 1865 791 1905 numen
805 1865 868 1903 non
882 1845 998 1905 sufficit
1012 1847 1103 1905 actis:

409 1930 544 2010 Tarpeio
561 1928 636 1989 deus
651 1931 702 1990 hio
718 1927 893 1990 commodet
909 1948 962 1988 ora
976 1930 1066 2009 patri.

772 2064 834 2126 cll.

366 2175 668 2257 Quadringentorum
681 2175 787 2238 reddis
801 2177 891 2255 mihi,
912 2176 1057 2257 Phoebe,
1076 2179 1220 2240 tabellas:

410 2262 542 2322 Centum
557 2262 596 2321 da
609 2262 711 2342 potius
727 2268 846 2340 mutua,
867 2261 1010 2340 Phoebe,
1032 2262 1116 2324 mihi.

366 2347 489 2425 Quaere
504 2343 614 2423 alium,
636 2347 684 2405 cui
700 2351 732 2406 te
746 2352 808 2406 tam
825 2364 901 2406 vano
917 2364 1044 2406 munere
1059 2347 1172 2408 iactea=

409 2428 499 2508 Quod
512 2432 570 2491 tibi
584 2449 646 2491 non
664 2449 788 2511 possum
802 2428 940 2510 solvere,
961 2430 1104 2511 Phoebe,
1127 2449 1228 2493 meum
1240 2439 1297 2493 est.

765 2565 839 2626 0111.

366 2676 452 2754 Quae
466 2696 543 2737 nova
557 2682 617 2737 tam
633 2674 749 2737 similes
763 2679 870 2756 genuit
883 2679 941 2738 tibi
956 2677 1042 2755 Leda
1056 2679 1236 2739 ministros?

410 2762 494 2838 Quae
509 2766 597 2841 capta
611 2767 660 2820 eat
672 2760 733 2822 alio
749 2761 832 2822 nuda
844 2762 984 2822 Lacaena
998 2763 1118 2842 cycno?
1360 2762 1363 2767 ’

364 2845 425 2906 Dat
437 2847 549 2906 faciem
563 2843 674 2905 Pollux
688 2847 802 2925 Hiero,
822 2845 875 2904 dat
890 2847 1000 2906 Castor
1014 2844 1131 2924 Asillo,
1177 2838 1180 2844 ’

407 2931 510 3008 Atque
525 2930 557 2989 in
571 2935 703 3008 utroque
717 2930 798 2989 nitet
812 2928 967 3008 Tyndaris
983 2949 1038 2990 ore
1055 2948 1153 2989 soror.

345 3014 431 3076 blata
444 3014 656 3095 Therapnaeis
670 3014 698 3073 si
712 3014 812 3073 forma
826 3013 937 3072 inisset
949 3010 1104 3092 Amyclis,

408 3100 483 3160 Cum
498 3099 601 3162 vicere
617 3097 690 3158 duos
705 3095 785 3156 dona
797 3097 917 3155 minora
931 3095 1035 3170 deas3*
1054 3124 1060 3135 ¹

364 3182 549 3261 Mansisses,
570 3181 709 3259 Helene,
730 3180 957 3258 Phrygiamque
971 3177 1107 3239 redisset
1118 3178 1152 3236 in
1164 3173 1247 3238 Idam

376 3304 387 3318 s
406 3267 577 3346 Dardanius
591 3266 713 3346 gemino
729 3283 797 3325 cum
815 3261 994 3343 Ganymede
1007 3261 1104 3335 Paris.

716 3440 901 3451 ——o-ae———nae
