3267 4409
542 467 881 531 EPIGRAMMATON
893 465 1049 536 Lua'vll.
1152 527 1161 534 .
1254 472 1317 557 169

729 671 865 734 LXXVI.

322 796 327 806 ’
365 783 455 862 Quod
469 792 503 845 te
519 783 669 864 diripiunt
682 787 877 864 potentiores

362 869 425 929 Per
439 871 591 946 convivia,
613 871 767 949 porticus,
790 870 929 948 theatra,

363 955 405 1014 Et
420 947 538 1030 tecum,
562 955 703 1032 quotiens
718 955 760 1012 ita
774 953 930 1033 incidisti„

364 1039 489 1098 Gestari
504 1039 586 1097 iuvat
604 1045 636 1097 ct
651 1039 732 1096 iuvat
745 1035 856 1096 laverit

323 1132 339 1184 5
361 1121 468 1182 Nolito
482 1122 606 1180 nimium
622 1121 679 1181 tibi
695 1120 827 1200 placere.

362 1204 524 1284 Delectas,
544 1203 738 1283 Philomuse,
749 1225 822 1265 ,non
838 1205 956 1264 amaris.

725 1339 874 1401 LXXVII.

361 1454 484 1532 Exigis,
505 1459 673 1513 utnostros
690 1452 801 1513 donem
814 1455 888 1532 tibi,
909 1453 1028 1534 Tucca,
1050 1457 1183 1524 libellos.
1251 1449 1258 1456 ⁵

404 1539 473 1597 Non
486 1538 612 1618 facium:
634 1557 704 1597 narn
722 1539 766 1597 ris
781 1537 941 1617 vendere,
957 1556 1017 1600 uon
1032 1539 1149 1621 legere.

716 1670 879 1736 nxxvrn.
960 1747 963 1754 ¹

363 1783 439 1845 Gum
454 1781 597 1845 Saxetani
612 1790 744 1864 ponatur
758 1783 854 1844 cauda
867 1782 978 1849 lacerti

403 1869 461 1946 Et,
483 1870 562 1928 bene
578 1868 603 1927 si
620 1887 728 1945 cenas,
751 1870 876 1928 conchis
892 1870 1015 1930 inuncta
1029 1872 1102 1932 tibi:

363 1951 492 2030 Sumen,
516 1972 637 2032 aprum,
658 1952 813 2032 leporem,
838 1952 975 2030 boletos,
997 1962 1117 2032 ostrea,
1140 1956 1251 2018 mullos

402 2036 519 2097 Mittis:
541 2039 636 2097 habes
650 2055 708 2095 nec
724 2056 793 2112 cor,
815 2034 941 2116 Papile,
963 2056 1021 2097 nee
1037 2040 1168 2118 genium.

729 2169 863 2230 LXXIX.

361 2283 468 2342 Potavi
481 2282 571 2343 modo
587 2281 750 2344 consulare
764 2283 875 2342 riuum.

362 2367 508 2444 Quaeris,
530 2387 619 2445 quam
633 2375 721 2427 vetus
737 2375 830 2446 atquc
844 2365 1000 2428 liberale?

361 2451 430 2530 Ipso
449 2452 573 2512 consule
592 2451 765 2512 conditum:
786 2450 843 2511 sed
858 2453 942 2531 ipse,

363 2536 420 2612 Qui
433 2539 584 2616 ponebat,
607 2537 845 2616 erat,Severe,
868 2537 983 2597 consul.

732 2685 854 2746 LXXX.

347 2798 517 2875 ‚Quatenus
532 2797 681 2878 Odrysios
696 2799 754 2856 iam
769 2819 828 2879 pax
842 2799 976 2858 Romanu
991 2799 1109 2858 triones

328 2880 336 2888 “
402 2882 572 2961 Temperat
588 2890 621 2941 et
636 2883 767 2941 tetricae
783 2884 962 2942 conticuere
977 2883 1085 2958 tubae,

359 2965 450 3026 Hunc
462 2964 649 3026 Marcellino
664 2968 800 3045 poteris,
821 2965 985 3043 Faustino,
1005 2964 1149 3025 libellum

405 3050 553 3118 Mittere:
574 3052 633 3109 iarn
649 3051 780 3126 chartis,
800 3051 861 3108 ium
875 3056 962 3110 vacat
976 3047 1032 3109 ille
1046 3050 1132 3109 iocis.

340 3131 426 3194 used
441 3135 468 3193 si
481 3154 574 3214 parva
589 3134 634 3194 tui
649 3130 827 3193 munuscula
843 3134 965 3210 quaeris
980 3134 1070 3193 amici

401 3218 642 3296 Commendare,
663 3218 745 3277 ferat
760 3218 894 3277 carmina
909 3223 1015 3276 nostra
1028 3235 1123 3297 puer:

360 3301 428 3361 Non
445 3300 545 3380 qualis
560 3302 688 3361 Geticae
704 3303 830 3360 satiatus
844 3299 925 3361 lacte
940 3301 1087 3360 iuvencae

402 3385 571 3445 Sarmatica
585 3385 688 3464 gelido
705 3383 786 3444 ludit
800 3386 832 3443 in
849 3403 936 3444 amne
950 3392 1052 3461 rota,¹

360 3467 423 3529 Sed
437 3469 622 3550 Mitylenaei
636 3488 744 3529 roseus
760 3469 919 3546 mangonis
933 3468 1088 3547 ephebus,
1114 3472 1122 3484 “

324 3562 354 3614 10
403 3553 465 3615 Vel
478 3574 541 3614 non
557 3573 664 3613 caesus
679 3553 780 3613 adhuc
792 3559 891 3635 matre
905 3554 1031 3612 iubente
1048 3553 1161 3614 Lacon.

360 3636 402 3696 At
414 3638 472 3697 tibi
488 3638 607 3717 captivo
623 3636 754 3697 famulus
774 3640 914 3697 mittetur
930 3638 966 3696 ab
983 3638 1107 3717 llistru,

403 3722 463 3799 Qui
478 3722 658 3805 Tiburtinas
672 3740 801 3804 pascere
815 3723 1014 3805 possituros.
