3267 4409
647 461 692 524 Μ.
707 460 799 526 vau.
814 459 1040 522 msuuuurs
1094 516 1097 521 ,
1141 536 1145 541 ,

389 614 526 676 5'1'uiior
539 613 572 672 in
587 609 654 673 sola
666 631 729 672 non
743 619 791 673 est
805 632 873 672 eum
888 613 986 672 currit
999 614 1133 692 harena,
1216 602 1221 609 ’

452 700 518 761 Nee
533 716 624 758 cavea
636 703 723 756 tanta
738 696 882 757 conditur
895 695 952 756 ille
967 696 1039 757 lide.

351 837 360 849 .
411 784 445 844 Si
458 785 556 845 vitare
575 801 682 842 canum
696 799 834 859 morsus,
856 778 947 860 lepus
958 782 1116 862 improbe,
1138 782 1263 861 quaeris

453 867 503 942 Ad
517 883 595 946 quae
610 865 768 944 confugias
782 885 837 925 ora
853 862 954 926 ieonis
967 866 1073 927 habes.

791 998 897 1062 XLIX.
907 1049 910 1060 .

412 1116 469 1177 Vir
485 1114 652 1181 Celtiberis
669 1108 731 1174 non
745 1112 877 1175 urende
891 1115 1034 1193 gentibus

452 1200 645 1278 Nostraeque
659 1197 725 1258 laus
738 1199 923 1279 Hispaniae,

413 1283 542 1347 Videbis
557 1281 668 1361 altam,
689 1282 867 1361 Liciniano,
888 1280 1032 1360 Bilbilin,

453 1368 550 1446 Equis
568 1373 602 1428 et
618 1368 709 1427 armis
723 1365 878 1445 nobilem,

286 1493 290 1501 ·
390 1452 588 1531 bsenemque
602 1451 711 1512 Gaium
726 1451 861 1529 nivibus,
881 1450 1018 1511 effractis
1033 1467 1153 1510 sacrum

454 1532 687 1597 Vadaveronem
699 1535 871 1612 montibus,

412 1619 454 1678 Et
470 1617 597 1679 delicati
613 1617 702 1678 dulce
718 1617 847 1678 Boterdi
861 1636 984 1697 nemus,

455 1702 590 1763 Pomona
606 1701 686 1781 qnod
701 1701 777 1762 felix
790 1707 879 1765 amat.

414 1785 530 1866 Tepidi
543 1786 662 1846 natabis
673 1784 748 1845 lene
763 1783 904 1863 Congedi
919 1782 1027 1845 vadum

373 1880 406 1931 10
452 1869 629 1949 Mollesque
643 1870 851 1950 Nympharum
865 1868 967 1947 lacus,

414 1954 530 2030 Quibus
544 1955 705 2015 remissum
719 1973 831 2035 corpus
846 1954 998 2032 astringes
1012 1951 1101 2013 brevi

438 2098 441 2102 ,
455 2035 586 2116 Salona,
608 2039 661 2116 qui
673 2037 792 2097 ferrum
806 2035 899 2115 gelat.

412 2122 587 2183 Praestabit
599 2120 666 2182 illic
681 2123 747 2201 ipsa
760 2119 898 2200 figendas
912 2138 1010 2202 prope

455 2205 599 2267 Voberca
611 2205 778 2286 prandenti
793 2205 885 2268 feras.

374 2298 405 2350 15
413 2290 525 2349 Aestus
539 2307 668 2350 serenos
685 2306 778 2348 aureo
793 2289 919 2367 franges
935 2287 1022 2365 Tago

457 2372 612 2433 Obscurus
626 2373 742 2432 umbris
757 2373 918 2448 arbornm3

414 2454 542 2517 Avidam
555 2474 667 2516 recens
681 2456 844 2515 Dercenna
860 2452 996 2536 placabit
1009 2456 1093 2516 sitim

455 2540 497 2601 Et
510 2539 630 2617 Nutha,
652 2557 730 2618 quae
743 2539 839 2598 vincit
851 2541 947 2602 nives.

415 2624 456 2683 At
470 2643 538 2684 cum
552 2623 725 2683 December
739 2642 831 2683 canus
844 2629 878 2684 et
890 2625 998 2685 bruma
1010 2624 1164 2704 impotens

372 2716 408 2769 20
455 2704 609 2787 Aquilone
623 2725 714 2766 rauco
728 2707 860 2786 mugiet,

414 2791 528 2872 Aprica
540 2796 666 2871 repetes
680 2789 866 2852 Tarraconis
878 2790 973 2851 litora

457 2874 616 2954 Tuamque
630 2873 828 2935 Laletaniam.

414 2958 461 3018 lbi
473 2957 606 3038 illigatas
620 2957 765 3018 mollibus
780 2957 913 3020 dammas
926 2956 1026 3041 plagis

457 3042 608 3103 Mactabis
623 3049 656 3102 et
669 3061 778 3102 vernas
794 3062 885 3121 apros

372 3125 627 3206 25Leporemque
641 3126 718 3186 forti
733 3124 879 3186 callidum
894 3143 1018 3208 rumpes
1035 3142 1134 3206 equo,

457 3211 573 3271 Gerros
587 3208 747 3288 relinques
761 3209 862 3272 vilico.

414 3295 524 3357 Vicina
538 3295 570 3353 in
584 3293 683 3373 iprum
698 3291 774 3352 silva
787 3291 958 3353 descendet
971 3291 1074 3352 focum

456 3378 576 3437 Infante
592 3379 725 3437 cinctum
739 3374 882 3449 sordid03

414 3461 583 3523 Vocabitur
596 3465 724 3520 venator
738 3465 772 3518 et
785 3459 892 3519 veniet
904 3459 962 3519 tibi
1024 3533 1029 3541 Ι

373 3554 409 3608 30
458 3545 591 3606 Conviva
605 3543 749 3603 clamatus
762 3559 878 3623 prope3

415 3628 533 3689 Lunata
546 3645 693 3704 nusquam
707 3623 801 3704 pellis
816 3630 850 3686 et
864 3645 1012 3707 nusquam
1026 3631 1098 3706 toga

458 3709 629 3790 Olidaeque
642 3713 745 3769 vester
759 3708 894 3785 murice;
