3267 4409
301 542 303 544 ,
326 473 368 536 66
649 471 693 536 Μ.
709 468 800 535 VAL.
815 466 1043 533 MARTIALIS

450 625 492 686 lit
505 644 560 685 eor
574 622 656 684 solus
670 626 783 704 habes,
805 619 890 684 solus
903 596 936 684 et
949 624 1117 702 ingenium.
1160 607 1174 659 f

390 710 525 770 50muia
539 708 622 769 solus
635 710 731 769 habes
745 741 786 753 -
800 709 862 768 hoe
876 726 925 767 me
939 714 1014 789 puta
1027 706 1111 769 velle
1127 710 1260 790 negare!
1274 742 1292 757 ·-

450 793 585 854 Uxorem
602 792 658 855 sed
672 794 784 872 habes,
806 790 962 871 Candide,
986 811 1054 853 oum
1066 790 1193 875 populo.

704 958 706 963 ·
786 939 910 1004 XXVII.

408 1057 568 1138 Nunquam
582 1075 631 1118 me
645 1075 789 1135 revocas,
809 1057 915 1116 venias
931 1075 1000 1116 oum
1013 1075 1107 1139 saepe
1119 1065 1259 1120 vocatus:

449 1143 594 1222 Ignosco,
615 1140 733 1201 nullum
745 1141 772 1200 si
786 1140 894 1218 modo,
916 1138 1023 1221 Galle,
1045 1162 1145 1204 vocas.

408 1226 520 1287 Invitas
533 1226 623 1286 alios:
646 1226 751 1286 vitium
767 1230 815 1284 est
830 1226 1001 1303 utriusque.
1029 1225 1189 1304 ,‚Quod?“
1201 1227 1292 1309 iuquit

449 1312 491 1372 Et
504 1311 580 1371 mihi
595 1329 649 1370 eor
663 1314 804 1387 nonest,
828 1316 860 1369 et
874 1310 949 1388 tibi,
972 1308 1078 1389 Galle,
1100 1309 1211 1392 pudor.

770 1457 907 1521 XXVIII.

407 1576 585 1638 Auriculam
599 1577 700 1639 MarIo
717 1580 852 1658 graviter
866 1577 986 1637 miraris
1002 1577 1098 1642 olere.

448 1663 498 1723 'l'u
511 1663 588 1722 fucis
605 1663 680 1723 hoo:
703 1664 819 1742 gards,
841 1662 972 1742 Nestor,
992 1663 1026 1722 in
1041 1661 1216 1725 auriculam.
1244 1725 1247 1733 ,

787 1795 895 1859 XXIX.

405 1910 469 1971 Has
484 1931 552 1972 oum
567 1914 688 1992 gemina
702 1910 851 1998 compede
867 1908 991 1971 dedicat
1005 1915 1145 1990 catenas,

407 1995 556 2077 Saturne,
577 1998 636 2059 tibi
649 1996 774 2077 Zoilus,
795 1994 903 2057 anulos
919 1996 1050 2076 priores.

787 2143 883 2206 xxx.
982 2220 985 2224 ,

406 2253 552 2336 Sportula
567 2254 651 2315 nulla
666 2254 773 2330 datur;
795 2255 890 2334 gratis
905 2255 1030 2314 conviva
1045 2258 1218 2317 recumbis:

398 2329 403 2337 ’
446 2340 504 2398 Die
518 2340 608 2417 mihi,
632 2338 706 2418 quid
719 2339 852 2416 Romae,
874 2339 1068 2417 Gargiliane,
1090 2340 1191 2401 facis?

404 2421 496 2481 Unde
513 2424 571 2483 tibi
585 2422 691 2500 togula
704 2428 753 2482 est
767 2429 800 2482 et
814 2423 920 2482 fuscae
933 2424 1041 2504 pensio
1057 2423 1180 2485 cellae?

446 2505 538 2566 Unde
555 2505 645 2566 datur
660 2505 836 2585 quadrans?
857 2506 939 2567 unde
954 2509 1001 2567 vir
1016 2526 1049 2567 es
1065 2502 1224 2570 Chiones?

383 2589 483 2650 oGum
497 2591 618 2650 ratione
632 2589 708 2650 licet
722 2589 806 2650 dicas
819 2595 851 2650 te
866 2592 970 2651 vivere
985 2611 1124 2672 summa,·

448 2672 537 2749 Quod
553 2675 645 2755 vivis,
664 2675 749 2736 nulla
764 2695 833 2735 oum
846 2676 966 2738 ratione
980 2676 1066 2736 facis.

786 2824 896 2890 XXXI.

404 2938 482 2999 Sunt
496 2940 570 3017 tibi,
592 2941 761 3020 confiteor,
782 2939 887 3002 diffusi
903 2943 1009 3020 iugera
1021 2944 1120 3025 campi

443 3023 622 3103 Urbanique
636 3029 746 3085 tenent
758 3025 886 3106 praedia
900 3025 997 3086 multa
1010 3027 1110 3106 lares,

402 3108 444 3169 Et
459 3109 555 3168 servit
569 3108 709 3170 dominae
723 3130 905 3171 numerosus
920 3109 1044 3172 debitor
1059 3131 1150 3173 arcae

445 3192 666 3272 Sustentatque
681 3200 749 3254 tuas
762 3214 855 3255 aurea
869 3215 968 3254 massa
982 3194 1087 3274 dapes.
1159 3228 1164 3235 ,

379 3275 558 3337 §Fastidire
573 3283 676 3337 tamen
691 3279 772 3356 noli,
791 3279 918 3357 Ruflne,
941 3280 1092 3339 minores:

443 3358 518 3420 Plus
532 3362 640 3423 habuit
653 3361 819 3441 Didymus,
833 3359 904 3442 plus
918 3361 1110 3425 Philomelus
1125 3365 1228 3430 habet.

774 3510 896 3575 XXXII.

401 3625 451 3684 An
464 3625 579 3704 possim
594 3624 727 3695 vetulam
743 3630 878 3708 quaeris,
894 3629 1057 3692 Matrinio:
1079 3651 1205 3712 possum

443 3709 485 3772 Et
499 3708 650 3792 vetulam,
672 3710 730 3773 sed
745 3718 779 3775 tu
792 3720 929 3797 mortua,
951 3735 1014 3776 uon
1027 3715 1131 3779 vetula
1147 3737 1191 3783 es.
