3267 4409
325 430 387 550 iso
453 447 497 523 ἶ
647 484 692 547 ιι.
706 484 798 546 ιιι.
812 483 1101 551 macrinus,
1213 512 1224 527 ι

663 647 665 655 ’
775 662 911 748 uirum.
982 709 986 727 ι

407 802 573 883 „Triginta
586 807 653 863 tcto
667 798 746 862 mala
760 808 831 861 sunt
846 802 1064 882 epigrammata
1076 796 1192 862 librc.“
1320 814 1324 822 ·

449 888 484 949 Si
496 886 628 947 totidem
642 888 722 946 bona
735 891 835 963 sunt,
844 880 961 965 Lause,
982 888 1079 947 bonus
1093 884 1176 945 liber
1190 889 1247 947 est.

766 1019 914 1080 LXXXII.

407 1133 581 1215 Menophili
596 1151 708 1213 penem
723 1137 785 1192 tam
800 1131 925 1210 grandis
938 1129 1033 1193 fibula
1047 1130 1156 1209 vestit,

449 1220 492 1280 Ut
506 1221 548 1279 sit
563 1216 718 1278 comoedis
734 1218 873 1277 omnibus
889 1236 949 1277 una
963 1217 1046 1276 satis.

406 1304 497 1364 Hunc
512 1321 569 1381 ego
582 1301 777 1362 credideram
787 1335 831 1346 -
841 1320 910 1360 nam
923 1319 1015 1380 saepe
1025 1298 1163 1359 lavamur
1172 1298 1206 1359 in
1217 1316 1309 1360 ιιιιιιιιι
1320 1333 1354 1344 -

449 1385 624 1446 Sollicitum
638 1387 706 1445 voci
718 1403 866 1466 parcere,
888 1385 1018 1463 Flacce,
1039 1401 1127 1443 suae:
1307 1456 1309 1465 .

385 1471 487 1531 snum
500 1470 581 1531 ludit
594 1469 695 1530 media
707 1468 822 1550 populu
837 1475 998 1548 spectante
1012 1466 1184 1549 palaestra,

448 1553 582 1635 Delapsa
596 1561 645 1615 est
658 1553 772 1614 misero
786 1551 899 1613 fibula:
919 1571 1031 1634 verpus
1047 1556 1124 1615 erat.
1258 1566 1280 1585 ⁶·

758 1687 921 1751 LXXXIII.

405 1798 591 1880 Eutrapelus
605 1804 713 1859 tcnsor
728 1798 799 1859 dum
815 1799 926 1859 circuit
942 1819 996 1863 cra
1009 1800 1145 1879 Luperci

446 1885 654 1965 Expingitque
670 1902 779 1964 genas,
802 1882 902 1944 altera
915 1884 1011 1945 barba
1027 1885 1119 1948 subit.
1159 1946 1162 1959 ,

759 2017 925 2082 LXXXIV.

384 2131 484 2193 'Dum
498 2152 566 2194 mea
581 2133 716 2196 Caecilio
731 2135 882 2196 formatur
895 2134 994 2212 Imago
1011 2131 1152 2193 Secundo

428 2290 430 2295 Ι
448 2215 552 2297 Spirat
566 2224 599 2280 et
613 2226 719 2297 arguta
733 2219 816 2302 picta
828 2216 942 2279 tabella
955 2236 1062 2295 manu,
1219 2214 1223 2219 ’

405 2300 434 2379 Ι,
455 2301 552 2378 liber,
575 2302 613 2362 ad
628 2304 767 2364 Geticam
781 2304 907 2363 Peucen
920 2302 1124 2380 Histrumque
1137 2301 1308 2365 iacentem:

447 2385 533 2445 Haec
546 2384 615 2446 loca
628 2387 811 2467 perdomitis
827 2388 968 2464 gentibus
982 2383 1039 2445 ille
1054 2390 1152 2448 tenet.

384 2467 505 2529 5Parva
520 2468 606 2529 dabis
621 2490 708 2548 carc,
730 2469 788 2530 sed
802 2468 903 2529 dulcia
918 2468 1013 2546 dcua,
1034 2467 1148 2529 sodali:

449 2552 573 2613 Certior
587 2554 620 2612 in
634 2561 741 2613 nostro
757 2555 892 2614 carmine
907 2551 1007 2612 voltus
1022 2555 1094 2615 erit.

407 2635 535 2696 casibus
544 2638 600 2704 ,hic
614 2635 726 2716 nullis,
747 2636 840 2696 nullis
856 2635 999 2697 delebilis
1016 2637 1102 2696 annis

449 2720 556 2799 Vivet,
578 2721 741 2801 Apelleum
756 2741 824 2782 cum
839 2723 989 2781 morietur
1005 2740 1091 2802 opus.

767 2871 919 2935 LXXXV.

406 2981 496 3058 Quod
510 3000 573 3041 non
586 2978 704 3042 insulse
718 2984 828 3044 scribis
843 2984 1026 3045 tetrasticha
1044 2981 1208 3063 quaedam,

448 3067 588 3128 Disticha
603 3066 687 3145 quod
699 3067 782 3128 belle
796 3089 909 3148 pauca,
931 3067 1074 3147 Sabelle,
1095 3068 1188 3146 iacis,

405 3148 528 3228 Laudo,
546 3168 606 3234 nec
621 3149 766 3216 admiror.
794 3152 903 3215 Facile
921 3159 970 3214 est
985 3153 1204 3233 epigrammata
1218 3149 1305 3214 belle

446 3234 609 3313 Scribere,
630 3235 687 3296 sed
700 3235 813 3298 librum
829 3240 968 3298 scribere
984 3235 1113 3299 difficile
1128 3242 1185 3298 est.

757 3370 921 3434 LXXXVI.

405 3475 456 3537 Ad
468 3476 628 3540 natalicias
644 3479 738 3563 dapes
752 3483 898 3560 vocabar,

265 3619 276 3631 ,
404 3561 513 3623 Essem
528 3583 595 3623 cum
610 3564 685 3642 tibi,
706 3565 816 3643 Sexte,
838 3584 900 3624 non
915 3565 1035 3626 amicus.

407 3644 489 3720 Quid
501 3646 614 3707 iactum
629 3654 693 3727 est,
714 3667 806 3726 rogo,
828 3648 903 3728 quid
917 3654 1048 3730 repente
1061 3650 1176 3712 factum
1189 3656 1256 3730 est,

404 3729 482 3792 Pcst
499 3735 547 3792 tot
556 3731 686 3814 pignora
699 3738 823 3814 nostra,
841 3739 914 3817 post
926 3739 975 3796 tot
988 3753 1083 3796 annos
