3267 4409
688 454 812 503 sarran
831 456 866 503 x.
1251 447 1292 507 65

304 596 502 679 Temporibus
527 594 597 657 utris
620 594 706 673 igitar
730 594 868 675 iussuque
890 592 1015 656 Neronis
1261 612 1294 664 lo

303 684 466 763 longinum
491 688 521 741 et
542 696 663 757 magnos
687 680 821 739 Senecae
841 678 1010 757 praedivitis
1030 678 1133 743 bortos

303 766 416 832 Clausit
440 772 471 825 et
493 766 630 841 egregias
652 762 857 823 Lateranorum
879 762 995 824 obsidet
1016 765 1108 825 aedes

303 851 374 914 l'ota
399 848 526 911 cohors:
548 864 630 909 rarus
655 847 782 907 venitin
805 846 964 907 coenacula
985 849 1078 908 miles.

303 936 400 999 Pauca
423 932 497 995 licet
521 940 623 1010 portes
648 932 761 1009 argenti
783 931 902 991 vascula
928 933 1004 1009 puri,

302 1020 398 1082 Nocte
425 1018 483 1079 iter
504 1016 654 1093 ingressus
676 1014 801 1092 gladium
824 1023 997 1093 contumque
1017 1015 1133 1076 timebis

302 1102 337 1165 Et
357 1110 462 1163 motae
487 1099 523 1160 ad
544 1098 637 1160 lunam
662 1097 821 1177 trepidabis
842 1098 988 1158 arundinis
1009 1099 1141 1161 umbras:

304 1184 441 1249 cantabit
467 1200 578 1243 vacuus
602 1199 700 1243 coram
724 1182 836 1243 latrone
862 1183 965 1242 viator.

303 1272 396 1332 Prima
422 1268 488 1329 lere
512 1276 580 1327 vota
607 1275 636 1326 et
659 1266 769 1325 cunctis
792 1267 940 1325 notissima
961 1267 1079 1345 templis

304 1354 451 1429 lliritiae,
475 1359 608 1413 crescant
632 1359 662 1409 ut
685 1367 776 1427 opes,
800 1358 829 1409 ut
854 1352 976 1410 maxima
1000 1360 1061 1410 toto
1209 1346 1214 1353 '

304 1438 412 1499 llostra
441 1434 479 1496 sit
502 1452 569 1496 arca
592 1434 667 1495 loro.
702 1433 761 1493 Sed
782 1434 859 1493 nulla
881 1434 995 1495 aconita
1019 1434 1153 1495 bibuntur
1276 1483 1282 1497 ι

304 1520 473 1585 Fictilibus:
500 1528 567 1580 tnnc
589 1518 637 1578 illa
665 1518 749 1592 time,
773 1535 857 1596 qurum
881 1518 988 1596 pocula
1011 1537 1109 1579 sumes

305 1606 457 1668 (lemmata
483 1611 512 1662 et
534 1602 592 1661 lato
616 1602 745 1661 Setinum
767 1601 882 1661 ardebit
903 1603 931 1660 in
957 1620 1058 1661 atrro..

304 1690 401 1753 lamae
429 1688 518 1765 igitur
539 1684 655 1759 laudas,
682 1684 760 1764 qurnd
784 1686 820 1745 de
847 1686 1028 1763 sapientibus
1052 1688 1128 1747 aller

304 1772 450 1847 Ridebat,
474 1770 589 1849 quoties
612 1770 648 1829 dc
671 1771 765 1829 limine
787 1779 919 1830 moverat
943 1789 1027 1830 arnum

303 1856 532 1933 Protuleratqus
553 1853 673 1931 pedem,
693 1852 781 1913 llebat
801 1852 1108 1953 contrariusqrctor?

303 1942 360 2005 Sed
384 1937 487 2001 iacilis
511 1938 602 1998 cuivis
625 1938 710 2015 rigidi
733 1955 855 1998 censura
878 1937 1026 1998 caclrinnr:

259 2082 261 2087 .
302 2022 467 2089 liraudum
489 2030 551 2099 est,
576 2022 651 2081 unde
676 2021 725 2081 illc
749 2022 844 2081 oculis
867 2020 1016 2081 sullecerit
1042 2020 1153 2081 bumor.

303 2110 455 2191 l'erpetno
480 2106 539 2165 risu
563 2106 727 2184 pulmonem
752 2105 863 2183 agitare
886 2104 1001 2165 solebat

302 2191 511 2265 Democritus,
537 2207 706 2269 quamquam
729 2207 786 2249 non
809 2198 908 2249 essent
933 2188 1052 2250 urbibus
1074 2188 1133 2249 illis

302 2278 464 2340 Praetexta
487 2284 516 2335 et
538 2274 672 2348 trabeae,
698 2274 811 2349 lasces,
837 2273 959 2349 lectica,
983 2271 1117 2332 tribunal.

303 2362 397 2437 butu,
423 2358 450 2419 si
472 2357 593 2417 vidisset
616 2367 781 2436 praetorem
804 2357 936 2417 curribus
959 2357 1025 2417 eltis

302 2446 480 2509 Exstantem
501 2450 530 2501 et
553 2442 639 2502 medii
661 2441 810 2501 sublimem
831 2440 954 2519 pulnere
976 2440 1046 2502 circi

302 2529 329 2591 ln
357 2528 464 2591 tunica
485 2524 563 2585 lovis
585 2533 616 2585 et
637 2527 733 2603 pictae
758 2526 882 2585 Sarrana
907 2524 1052 2585 ferentem

303 2614 344 2676 lix
371 2610 508 2673 humeris
531 2609 632 2670 aulaea
657 2618 745 2685 togae
768 2626 950 2687 magnaeque
974 2627 1101 2670 coronae

303 2698 428 2760 Tantum
456 2692 573 2769 orbem,
601 2701 706 2772 quanto
733 2695 834 2753 cervix
858 2709 917 2752 non
942 2693 1048 2755 suflicit
1070 2690 1149 2753 ulla?
1261 2703 1297 2755 40

304 2782 426 2863 Quippe
455 2784 536 2837 tenet
558 2776 661 2837 sudans
684 2776 757 2837 banc
777 2775 913 2854 publicus
936 2787 980 2853 et,
1004 2775 1059 2835 sibi
1086 2776 1187 2835 consul

303 2866 345 2929 lle
368 2864 510 2945 placeat,
534 2878 618 2921 curru
641 2879 742 2923 servns
767 2869 899 2938 portetur
923 2862 1036 2921 eodem.

304 2949 346 3012 lla
368 2964 452 3009 nunc
477 2953 507 3004 et
531 2944 697 3019 volucrem,
723 2954 842 3023 sceptro
871 2962 945 3022 quae
967 2944 1059 3019 surgit
1079 2939 1200 3017 eburno,

304 3034 390 3097 lilino
412 3029 596 3106 cornicines,
619 3029 685 3089 hinc
707 3029 914 3107 praecedentia
939 3028 1019 3104 longi

305 3116 442 3197 bgrninis
465 3112 563 3172 ollicia
589 3121 619 3173 et
640 3116 741 3173 niueos
766 3113 802 3172 ad
827 3112 910 3172 irena
934 3111 1073 3185 Quirites,
1201 3150 1204 3156 -
1260 3118 1294 3171 45

305 3201 439 3263 Deiossa
463 3198 491 3256 in
516 3196 620 3257 loculis
643 3214 717 3275 quos
740 3196 872 3275 sportula
893 3197 965 3257 lecit
988 3196 1106 3256 amicos.

306 3284 378 3349 'lum
407 3298 527 3361 qaoque
551 3284 698 3341 materiem
719 3283 793 3340 risus
817 3281 926 3340 invenit
949 3279 985 3340 ad
1008 3296 1109 3338 omnes

307 3368 461 3431 Occursus
483 3363 640 3440 bominum,
668 3368 749 3425 cuius
773 3364 924 3443 prudentia
948 3370 1097 3437 monstrat,

307 3454 445 3514 Summos
471 3466 561 3527 posse
586 3450 666 3509 viros
689 3459 718 3509 et
737 3466 839 3525 magna
864 3447 999 3524 exempla
1026 3446 1144 3505 daturos

306 3536 478 3599 Vervecum
499 3534 527 3593 in
550 3534 641 3611 patria
666 3549 826 3610 crassoque
848 3530 902 3591 sub
920 3548 994 3590 aare
1017 3530 1107 3590 nasci.
1178 3542 1181 3547 ·
1263 3537 1297 3589 50

307 3619 438 3682 Ridebat
462 3634 563 3692 curas,
589 3636 726 3677 necnon
751 3626 780 3676 et
803 3616 906 3693 gaudia
932 3614 1024 3691 vulgi,

308 3702 457 3768 luterdum
481 3710 511 3761 et
536 3701 685 3780 lacrimas,
713 3719 798 3781 quum
819 3700 951 3761 iomunae
977 3699 1043 3779 ipse
1068 3698 1172 3758 minaci

347 3808 410 3851 NV·
437 3806 498 3847 SAT.
