3267 4409
326 464 388 527 102
646 462 691 526 aa
707 461 801 527 VAL.
816 460 1043 527 uiuamus

775 665 908 728 cxxiii,

410 778 487 839 Oura
501 776 603 856 gravis
619 781 772 838 extremas
784 776 933 842 Vestinus
948 775 1080 847 duceret
1091 777 1187 841 hom

450 863 492 923 Et
507 862 566 921 iam
581 879 640 940 per
654 861 776 941 Stygias
790 865 875 922 esset
888 861 987 921 iturus
1002 880 1115 941 aquas,

409 945 527 1007 Ultima
539 944 699 1006 volventes
708 946 812 1013 ‚orant
826 949 925 1026 pensa
937 964 1079 1024 sorores,

452 1030 495 1090 Ut
507 1030 671 1089 traherent
684 1049 776 1109 parva
790 1029 920 1090 stamina
932 1027 1019 1108 pulla
1030 1048 1126 1093 mora.

388 1113 472 1175 olam
490 1114 550 1173 sibi
566 1112 728 1172 defunctus
744 1113 824 1171 caris
839 1111 912 1171 dum
923 1113 998 1173 vivit
1011 1113 1134 1192 amicis,
1165 1158 1169 1163 -
1232 1112 1255 1137 ”

452 1198 617 1257 Moverunt
629 1197 757 1255 tetricas
770 1201 833 1255 tam
847 1197 898 1275 pia
910 1203 981 1255 vota
995 1194 1078 1257 deas.
1100 1204 1117 1233 ⁸

413 1280 502 1340 Tunc
515 1280 616 1358 largas
628 1279 761 1359 partitus
776 1298 852 1359 opes
868 1299 885 1338 a
901 1277 973 1339 luce
986 1279 1121 1339 recessit

453 1364 556 1447 Seque
570 1364 649 1423 mori
663 1364 807 1444 posthoc
823 1361 957 1423 eredidit
970 1361 1025 1424 ffle
1040 1380 1158 1427 senem.

779 1524 916 1587 LXXIV.
988 1548 993 1554 ·

411 1639 549 1718 Aspicis,
569 1635 711 1697 imbelles
723 1642 879 1717 temptent
895 1657 985 1718 qnam
998 1637 1094 1698 fortia
1109 1635 1249 1703 dammae

455 1720 601 1782 Praelia‘l
622 1727 684 1780 tam
698 1719 815 1781 timidis
832 1728 944 1800 quanta
958 1723 999 1782 sit
1011 1722 1059 1781 ira
1072 1721 1175 1783 feris?

351 1802 355 1817 “
412 1807 446 1866 Ιιι
461 1812 591 1866 mortem
604 1806 706 1885 parvis
721 1823 909 1865 concurrere
924 1805 1079 1865 frontibus
1093 1805 1216 1869 ardent
1244 1836 1245 1840 ¹

452 1891 525 1968 Vis,
547 1890 678 1967 Caesar,
700 1887 827 1949 dammis
841 1889 994 1970 parceret
1014 1890 1106 1950 mitte
1121 1908 1225 1963 canen

741 2012 743 2019 ’
787 2051 935 2116 LXXV:

414 2164 533 2226 (ileliu
547 2166 664 2242 animo,
685 2163 776 2242 felix,
797 2163 939 2243 Nigrina,
960 2163 1070 2223 marito

455 2251 558 2327 Atque
572 2250 656 2307 inter
665 2247 772 2312 Latias
786 2246 883 2326 gloria
896 2249 994 2327 prima
1007 2265 1120 2306 nurusr

415 2332 463 2392 Te
477 2333 593 2410 patrios
609 2332 739 2390 miscere
753 2333 836 2390 iuvat
851 2351 918 2391 cum
934 2331 1063 2408 coniuge
1076 2349 1205 2411 censue,

457 2414 650 2476 Gaudentem
663 2415 747 2473 socio
761 2415 970 2495 participique
981 2415 1058 2476 viro.

393 2498 540 2558 5Arserit
554 2497 703 2557 Euhadne
716 2498 845 2556 flammis
858 2499 974 2558 iniecta
986 2497 1107 2577 mariti,

455 2582 521 2641 Nec
537 2582 636 2640 minor
652 2579 794 2640 Alcestin
807 2581 887 2641 fama
902 2584 958 2642 sub
974 2588 1056 2641 astra
1069 2582 1169 2643 ferat:

415 2665 466 2725 Tu
479 2663 606 2723 molius:
628 2668 715 2723 certo
731 2665 873 2724 meruisti
889 2667 1019 2746 pignore
1033 2666 1134 2744 vitae,
1238 2704 1242 2709 -
1259 2703 1263 2709 -

456 2749 500 2810 Ut
512 2749 573 2813 tibi
584 2767 647 2807 non
661 2754 745 2807 esset
759 2755 860 2810 morte
873 2749 1049 2831 probandus
1062 2768 1158 2812 amor.
1213 2774 1217 2783 ·

785 2898 921 2961 LXX-Vl.

416 3010 504 3072 Milia
518 3009 629 3071 misisti
640 3009 716 3069 mihi
730 3028 785 3071 sex
797 3012 845 3071 bis
859 3030 933 3072 sena
946 3011 1082 3090 petenti:

457 3096 501 3157 Ut
515 3096 562 3156 bis
577 3113 652 3156 seua
664 3094 779 3175 leram,
800 3096 849 3156 his
864 3094 1005 3156 duodena
1020 3100 1134 3176 petam.
1165 3139 1177 3153 ..

778 3257 928 3320 LXXVII.

416 3371 577 3450 Nunquam
592 3370 712 3432 divitias
727 3370 802 3432 deoc
815 3369 921 3447 rogavi

418 3455 589 3515 Contentus
603 3454 731 3515 modicis
745 3471 875 3531 meoque
888 3449 998 3513 laetus.

415 3536 603 3617 Paupertas,
623 3540 742 3598 veniam
757 3536 858 3614 dabis,
880 3535 1004 3597 recede.

417 3621 516 3680 Causa
529 3627 578 3681 est
594 3639 672 3701 quae
686 3621 780 3680 subiti
793 3622 926 3698 novique
940 3621 1026 3680 voti?

395 3703 610 3787 ol'endentem
623 3704 693 3766 volo
709 3701 832 3764 Zoilum
844 3703 961 3767 videre.
