3267 4409
557 465 896 527 EPIGRAMMATON
906 466 980 528 LIB.
997 468 1048 532 VI.
1258 465 1320 531 147

364 619 479 698 „Tunc
494 637 544 696 es,
566 618 662 677 tune“
678 591 721 678 alt
734 616 811 696 „ille
827 616 999 697 Martialis,
1097 629 1098 632 ’

343 706 463 767 50nius
480 704 633 781 nequitias
647 703 794 781 iocosque
808 704 910 780 novit,

363 790 481 847 Aurem
495 789 547 865 qui
562 786 652 846 modo
669 806 729 845 non
745 788 839 847 habet
853 787 1000 846 Boeotum
1008 784 1046 845 ‘A‘

365 873 486 931 Subrisi
501 870 637 948 modice,
656 869 780 949 levique
795 877 871 930 nutu

317 955 331 965 ”
362 956 418 1016 Me
434 974 525 1034 quem
543 954 663 1014 dixerat
677 973 746 1014 esse
765 974 827 1014 non
841 955 959 1033 negavi.

363 1040 450 1117 „Cur
465 1039 562 1117 ergo“
576 1041 677 1117 inquit
691 1040 810 1115 „habes
823 1038 918 1104 malas
932 1037 1118 1099 lacernasi“

322 1123 536 1204 loltespondi,
557 1123 627 1201 quia
641 1143 707 1181 snm
722 1121 817 1182 malus
831 1129 933 1202 poeta.
1123 1129 1127 1139 “

362 1210 432 1268 Hoc
445 1226 486 1267 ne
499 1208 621 1286 saepius
639 1206 756 1266 accidat
770 1216 898 1286 poetae,

362 1293 489 1371 Mittas,
508 1291 605 1370 Rufe,
627 1292 702 1360 milri
716 1293 811 1350 bonas
826 1288 975 1351 lacernas.
1067 1316 1075 1325 ‘

724 1454 885 1518 LXXXIII.

364 1570 519 1646 Quantum
533 1567 666 1628 sollicito
681 1567 805 1627 fortuna
819 1569 958 1648 parentis
973 1567 1120 1646 Etrusco,

407 1653 557 1729 Tantum,
579 1671 695 1711 summe
711 1651 836 1729 ducum,
860 1651 954 1712 debet
967 1658 1099 1731 uterque
1112 1651 1179 1712 tibi.

363 1737 439 1796 Nam
452 1742 487 1796 tu
502 1733 593 1795 missa
607 1743 659 1794 tua
673 1738 825 1814 revocasti
839 1735 966 1796 fulmina
982 1736 1106 1796 dextra:

405 1822 471 1880 Hos
486 1838 631 1900 cuperem
645 1839 747 1880 mores
760 1821 882 1898 ignibus
897 1839 966 1881 esse
981 1821 1070 1880 Iovis.

313 1953 317 1957 .
342 1903 413 1965 usit
428 1912 495 1983 tua,
518 1907 559 1964 sit
575 1924 707 1980 summo,
730 1907 862 1980 Caesar,
884 1911 992 1964 natura
1008 1904 1159 1964 'sonantis

404 1991 518 2048 Utetur
532 1994 598 2048 toto
613 1988 740 2048 fulmine
753 2009 824 2047 rara
838 2008 954 2047 munus.
1131 1976 1139 1993 Χ

363 2073 504 2132 Muneris
518 2073 577 2132 hoc
592 2077 756 2150 utrumque
773 2073 817 2132 tui
834 2078 965 2131 testatur
979 2072 1145 2148 Etruscus,
1175 2090 1178 2095 ’

403 2157 481 2218 Esse
498 2156 579 2234 quod
594 2163 625 2217 et
641 2158 745 2215 comiti
760 2158 890 2234 contigit
907 2161 939 2215 et
953 2154 1069 2216 reduci.

716 2319 881 2384 nxxrnv.
952 2392 956 2400 ,

363 2435 540 2513 Octaphoro
556 2454 645 2495 sanus
659 2441 816 2515 portatur,
839 2436 945 2513 Avite,
964 2414 1135 2513 Philippus.

404 2520 495 2578 Hunc
509 2526 542 2579 tu
557 2522 584 2580 si
599 2540 704 2580 sanum
718 2520 837 2600 credis,
861 2522 968 2599 Avite,
989 2518 1076 2580 furis.

724 2684 876 2748 LXXXV.

362 2793 476 2854 Editur
490 2813 527 2852 en
544 2802 647 2854 sextus
664 2796 732 2856 sine
749 2803 780 2856 te
795 2799 886 2873 mihi,
909 2796 990 2856 Rufe
1006 2795 1150 2873 Camoni,

403 2879 469 2937 Nec
483 2885 515 2936 te
529 2878 678 2939 lectorem
695 2887 813 2960 sperat,
835 2882 950 2959 amice,
971 2879 1062 2942 liber.
1132 2923 1134 2927 -

362 2963 457 3042 Impia
472 2962 686 3042 Cappadocum
701 2963 794 3024 tellus
810 2972 842 3024 et
856 2967 980 3024 numine
993 2963 1081 3024 laevo

404 3047 480 3107 Visa
494 3049 550 3106 tibi
567 3049 688 3108 cineres
703 3049 809 3108 reddIt
823 3054 856 3107 et
870 3046 942 3108 ossa
952 3049 1044 3128 patri

342 3130 474 3192 5ande
489 3135 542 3190 tuo
557 3131 716 3208 lacrimas,
739 3134 846 3191 orbata
860 3133 1013 3210 Bononia,
1036 3131 1133 3207 Rufo,

403 3216 446 3274 Et
460 3209 587 3275 resonet
602 3223 668 3276 tota
681 3216 822 3296 planctus
836 3217 869 3274 iu
882 3214 1022 3278 Aemilia.

361 3300 432 3358 Heu
448 3298 545 3375 qualis
561 3303 677 3378 pietas,
702 3302 763 3359 heu
778 3320 867 3378 quam
877 3300 986 3373 ‚brevis
999 3297 1114 3360 oceidit
1129 3295 1227 3358 aetas!

403 3383 536 3445 Viderat
549 3384 662 3464 Alphei
676 3385 813 3464 praemia
832 3385 937 3463 quinta
951 3381 1052 3443 modo.

361 3467 496 3527 Pectore
510 3474 544 3526 tu
559 3470 687 3527 memori
700 3474 825 3528 nostros
839 3467 980 3527 evolvere
994 3465 1099 3544 lusus,

327 3560 356 3611 10
404 3551 453 3610 Tu
469 3549 577 3611 solitus
592 3557 690 3628 totos,
711 3553 805 3627 Rufe,
828 3557 939 3612 tenere
953 3552 1054 3629 iocos,

364 3637 480 3715 Accipe
496 3656 563 3694 cum
578 3639 655 3696 flctn
668 3638 778 3696 maesti
792 3639 888 3696 breve
902 3653 1029 3696 carmen
1039 3634 1128 3695 amici

407 3721 510 3799 Atque
525 3721 601 3781 haec
616 3723 751 3781 absentis
765 3726 836 3780 tura
848 3720 945 3782 fuisse
961 3725 1043 3803 puta
1077 3770 1080 3775 .

1051 3802 1120 3868 nu*
1170 3868 1174 3872 .
