3267 4409
550 464 892 539 mulenbrunnun
903 477 978 541 um.
992 474 1031 542 V.
1249 478 1310 542 107

351 625 453 705 b„Sors
465 646 532 692 mea
546 647 637 709 quam
651 629 759 690 fratris
766 627 903 708 melior,
924 630 974 690 cui
988 635 1050 691 tum
1065 604 1168 712 prope
1177 631 1225 693 sas
1241 640 1291 694 est

405 711 554 792 Cerner95
575 719 637 773 tam
650 711 745 794 longe
760 732 851 794 quem
867 714 943 775 colit
956 712 1015 775 ille
1030 713 1154 778 deum.“

768 846 820 910 IV.

377 951 472 1019 uetere
484 957 578 1019 multo
592 957 730 1038 Myrtale
746 957 828 1019 solet
841 960 928 1037 vino,

381 1035 431 1098 Sed
440 1039 520 1103 fallat
532 1048 568 1103 ut
581 1061 656 1120 nos,
676 1041 753 1103 folia
767 1041 895 1103 devorat
908 1043 988 1105 lauri

382 1119 536 1206 biemmquc
552 1131 640 1186 cauta
655 1125 786 1204 fronde,
806 1146 868 1187 non
883 1146 960 1205 aqua
973 1128 1091 1189 miscet.

384 1202 450 1268 Hauc
460 1214 491 1270 tu
503 1211 668 1271 rubentem
680 1212 929 1288 prominentibus
945 1212 1034 1273 venis

372 1286 650 1372 succlamamus,
671 1293 786 1372 Paule,
806 1293 924 1354 videris
939 1301 1063 1370 contra;
1090 1366 1092 1370 .

305 1426 308 1471 ;
385 1367 452 1434 bico
461 1373 567 1473 licebit
579 1376 742 1474 „Myrtale
756 1373 838 1440 bibit
852 1376 1007 1440 laurum.“

772 1512 803 1575 V

305 1608 311 1687 l
388 1608 469 1698 Sem,
485 1614 645 1682 Palatinae
660 1619 763 1682 cultor
777 1621 911 1682 facunde
925 1622 1104 1703 Minervae,

415 1695 517 1780 Ingenio
530 1705 648 1767 crucris
662 1707 714 1784 qui
726 1707 874 1785 propiore
890 1705 957 1781 dei;

387 1773 440 1843 Nun
450 1788 500 1849 tibi
513 1794 678 1848 nascentes
693 1787 808 1848 domiui
822 1808 1011 1867 cognoscere
1026 1809 1130 1859 curas

415 1861 444 1927 bt
455 1878 571 1932 recreta
587 1871 673 1932 ducis
688 1878 816 1952 pectora
831 1891 923 1933 nosse
936 1870 1030 1933 licet:

334 2024 339 2033 Ι
375 1939 501 2015 bSitlocus
517 1961 552 2016 et
565 1955 799 2034 nostris-aliqua
814 1957 872 2017 tibi
886 1963 975 2038 parte
989 1954 1127 2035 libellis,

313 2088 319 2097 .
415 2031 465 2108 Qua
476 2039 580 2116 Pedo,
603 2059 662 2118 qua
676 2040 800 2100 Marsus
817 2059 938 2120 quaque
954 2039 1096 2101 Catullus
1110 2041 1182 2102 erit.

386 2107 418 2170 Ad
428 2119 583 2203 capitolini
599 2120 745 2183 caelestia
759 2125 894 2184 carmina
910 2122 988 2184 belli

413 2196 519 2268 Grande
535 2205 712 2272 cothurnati
725 2226 808 2290 pone
823 2208 963 2270 Maronis
979 2225 1065 2290 opus·

323 2524 327 2529 Ι
384 2440 406 2504 Sl
415 2469 464 2519 uon
477 2465 526 2520 est
540 2477 631 2539 grave
646 2478 706 2520 nec
719 2460 811 2521 nimis
826 2459 1005 2541 molestum,

383 2523 476 2622 Mure,
496 2544 698 2605 Parthenium
713 2550 822 2623 rogate
837 2553 986 2607 vestrum:

382 2608 417 2678 Sit
426 2630 453 2686 te
467 2629 567 2688 serior
582 2633 616 2688 et
628 2629 720 2689 beata
734 2627 889 2713 quondam

381 2692 444 2769 s*lvo
458 2712 590 2772 Caesare
604 2712 692 2771 finiat
706 2719 852 2773 senectus

366 2779 408 2846 lli
417 2794 452 2853 sis
465 2793 579 2855 invidia
594 2795 719 2856 favente
731 2794 827 2874 felir,

378 2863 414 2932 Sic
423 2875 536 2938 Burrus
551 2880 615 2939 cito
631 2879 745 2959 sentiat
757 2884 940 2959 parentemr

372 2951 503 3022 Admittas
518 2961 655 3022 timidam
669 2964 859 3042 brevemque
874 2963 1011 3025 chartam

370 3035 436 3104 lutra
448 3044 555 3106 limina
570 3047 733 3106 sanctioris
747 3048 823 3108 aevi.

366 3122 439 3188 Nosti
453 3135 594 3209 tempora
608 3135 644 3190 tu
657 3130 736 3191 Iovis
752 3131 874 3207 sereni,

336 3208 428 3272 ttb'um
441 3211 544 3292 fulget
557 3210 681 3293 placido
697 3210 814 3292 suoque
828 3211 932 3293 voltu,

306 3296 310 3311 '
360 3294 417 3370 Quo
430 3295 478 3356 nil
492 3295 682 3377 supplicibus
697 3295 779 3358 solet
794 3315 920 3375 negare.

355 3377 417 3439 Non
435 3385 485 3440 est
499 3379 583 3460 quod
597 3387 716 3441 metuas
730 3399 843 3461 preces
856 3382 993 3460 iniquasr

353 3461 512 3542 Nunquam
528 3463 655 3542 grandia
669 3483 728 3524 nec
742 3463 875 3524 molesta
890 3466 993 3544 poscit

351 3547 434 3624 Quae
449 3545 545 3608 cedro
562 3546 707 3609 decorata
718 3540 917 3627 purpuraque

317 3632 452 3710 thigris
467 3632 579 3712 pagina
595 3633 693 3692 crevit
707 3630 871 3693 umbilicis.

345 3716 413 3779 Nec
426 3716 607 3798 porrexeris
622 3718 697 3797 ista,
719 3715 776 3778 sed
791 3720 899 3776 teneto
