3267 4409
327 455 370 519 st
649 453 694 514 Μ.
708 451 800 516 vau.
815 404 1060 529 nnnmmrs'
1102 494 1105 499 .

400 566 488 683 ¹Quis
504 605 593 666 siccis
607 602 729 664 lascivit
743 605 830 682 aquis
845 610 878 664 et
890 605 927 664 ab
943 604 1072 664 aethere
1086 601 1189 665 ludica

454 691 600 770 Suspicor
614 690 669 750 hos
682 691 772 771 pueri
788 689 930 749 Caesaris
943 706 1011 748 esse
1025 688 1120 750 nives.

821 821 872 882 IV.

412 920 502 996 Quod
517 923 617 985 siccae
631 916 754 979 redolet
767 915 856 997 palus
869 915 1015 995 lacunae,
1057 960 1061 967 ·

412 1005 584 1065 Crudarum
598 1000 730 1063 nebulae
748 999 831 1080 quod
846 999 1042 1080 Albularum,

411 1091 554 1149 Piscinae
569 1099 656 1148 vetus
672 1106 744 1146 aura
759 1084 842 1163 quod
856 1087 1008 1163 marinae,

414 1173 504 1249 Quod
517 1192 625 1252 pressa
639 1172 728 1251 piger
743 1169 848 1228 hircus
863 1171 896 1228 in
911 1168 1047 1248 capella,

393 1258 501 1317 5Lassi
516 1256 674 1315 vardaicus
690 1253 772 1332 quod
788 1254 922 1329 evocati,

415 1341 505 1415 Quod
519 1342 566 1399 bis
580 1341 697 1398 murice
715 1336 813 1397 vellus
828 1338 1036 1415 inquinatum,

414 1423 504 1498 Quod
518 1425 632 1484 ieiunia
647 1423 904 1498 sabbatariarum‚

412 1509 602 1568 Maestorum
618 1505 700 1586 quod
715 1503 870 1564 anhelitus
885 1524 1024 1581 reorum,

414 1592 502 1667 Quod
516 1610 645 1671 spurcae
660 1591 794 1649 moriens
809 1586 936 1647 lucerna
949 1587 1070 1666 Ledae,
1174 1586 1177 1593 ’

371 1675 499 1752 loQuod
514 1683 667 1734 ceromata
681 1676 769 1733 faece
786 1672 825 1732 de
840 1673 968 1745 Sabina,

414 1759 503 1835 Quod
518 1759 618 1839 volpis
632 1759 867 1836 fuga„viperae
883 1755 1001 1831 cubile,

413 1842 540 1904 Mallem
558 1863 645 1921 quam
663 1840 745 1920 quod
761 1838 828 1900 oles
843 1838 945 1917 olere,
968 1840 1068 1899 Bassa.
1162 1860 1165 1865 ·

827 1975 864 2037 V.

416 2078 473 2139 Vir
488 2079 585 2136 bonus
602 2081 634 2135 et
648 2094 765 2154 pauper
780 2073 944 2152 linguaque
960 2078 992 2132 et
1005 2078 1136 2151 pectore
1151 2093 1258 2155 verus,

458 2160 540 2238 Quid
554 2161 611 2220 tibi
626 2162 689 2231 ris,
711 2161 819 2219 urbem
836 2159 903 2236 qui,
924 2157 1077 2238 Fabiane,
1099 2160 1205 2236 petis?

413 2244 473 2319 Qui
488 2264 545 2304 nec
563 2243 636 2303 leno
651 2252 741 2323 potes
757 2262 814 2303 nec
830 2243 1008 2305 comissator
1023 2241 1149 2321 haberi,

456 2328 521 2387 Nec
535 2326 661 2407 pavidos
677 2329 761 2386 tristi
775 2345 851 2387 voce
865 2328 962 2385 citare
976 2343 1065 2400 reos3

392 2411 479 2472 5Nec
493 2420 583 2490 potes
597 2429 724 2469 uxorem
739 2412 802 2469 cari
819 2428 1018 2490 corrumpere
1032 2408 1139 2487 amici,

455 2495 520 2554 Nec
535 2502 625 2574 potes
640 2491 780 2571 algentes
795 2495 934 2572 arrigere
949 2493 987 2553 ad
1002 2492 1138 2572 vetulas,
1256 2496 1260 2501 '

414 2577 560 2659 Vendere
575 2597 634 2637 nec
648 2597 740 2637 vanos
760 2580 874 2637 circum
889 2576 1007 2638 Palatia
1020 2579 1137 2655 fumos,

453 2661 609 2722 Plaudere
623 2680 681 2720 nec
697 2663 796 2739 Cano,
818 2660 969 2741 plaudere
983 2681 1042 2722 nec
1058 2659 1228 2742 Glaphyro.

413 2745 503 2807 Unde
518 2747 613 2806 miser
626 2746 733 2805 vives?
762 2747 884 2824 „Homo
901 2754 1019 2823 certus,
1043 2745 1123 2806 fidus
1139 2748 1273 2808 amicus-

372 2841 406 2892 10
455 2832 523 2892 Hoc
538 2828 617 2890 nihil
633 2836 696 2889 est:
717 2849 872 2910 nunquam
890 2833 935 2892 sic
949 2829 1141 2901 Philomelus
1158 2833 1229 2893 eris.

820 2966 872 3028 Vl.

414 3081 510 3141 Credi
525 3081 644 3159 virgine
661 3082 774 3141 castior
789 3079 900 3161 pudico

412 3165 455 3224 Et
471 3166 584 3225 frontis
599 3172 727 3225 tenerae
742 3167 828 3245 cupis
840 3164 958 3242 rideri,

415 3249 493 3308 Cum
508 3251 550 3308 sis
564 3251 750 3330 improbior,
772 3244 955 3323 Malisiane,

414 3333 511 3406 Quam
526 3335 579 3411 qui
594 3335 779 3412 compositos
793 3338 893 3391 metro
911 3329 1031 3390 'l'ibulli

392 3415 449 3474 olu
463 3414 582 3476 Stellae
598 3419 711 3477 recitat
725 3414 815 3475 domo
829 3411 965 3475 libellos.
1019 3468 1023 3477 .

810 3530 874 3591 Vll.

414 3625 477 3685 Cur
490 3626 568 3685 here
585 3625 667 3703 quod
683 3626 834 3703 dederas,
853 3625 964 3704 hodie,
985 3645 1064 3705 puer
1076 3626 1189 3706 Hylle,
1212 3646 1273 3707 neg

455 3709 555 3768 Durus
571 3717 631 3771 tam
649 3713 768 3788 subito,
791 3712 844 3788 qui
860 3708 950 3771 modo
965 3712 1047 3771 mitis
1063 3713 1154 3771 eras?
