3267 4409
525 447 1016 515 EPIGRAMMATONLIB.V1.
1231 450 1293 514 139

347 601 408 662 llue
421 599 461 662 de
473 598 603 681 palmite
617 599 749 660 laeseris
766 619 922 680 racemos,

323 686 507 763 ltNaseetur,
523 684 601 745 lieet
615 687 674 745 hoc
689 685 765 745 velis
779 703 912 764 negare,

347 770 455 832 lurerta
469 770 527 833 tibi
540 771 617 830 ficus
632 790 649 830 a
665 786 822 849 cupressu.

759 915 795 980 L.

337 1032 415 1094 =0um
427 1029 548 1092 coleret
561 1049 656 1109 puras
670 1046 789 1109 pauper
805 1028 971 1090 Telesinus
987 1030 1115 1112 amieos,

383 1117 513 1177 Errabat
526 1112 630 1193 gelida
641 1111 784 1174 sordidus
796 1113 829 1172 in
843 1111 957 1192 togula.

354 1199 497 1280 Obscenos
513 1217 551 1258 ex
565 1217 625 1276 quo
640 1197 744 1277 coepit
759 1215 868 1256 curare
884 1198 1045 1279 cinaedus,

386 1285 570 1363 Argentum,
591 1300 730 1354 mensas,
751 1280 879 1360 praedia
893 1280 976 1341 solus
990 1286 1074 1348 emit.

340 1367 397 1429 llis
408 1369 477 1429 lieri
492 1366 595 1442 dives,
616 1366 797 1443 Bithynice,
821 1367 962 1425 conscius
976 1375 1053 1430 esto.

385 1451 431 1513 Nil
443 1452 502 1514 tibi
514 1451 566 1511 vel
581 1450 737 1510 minimum
752 1449 837 1509 basia
851 1469 929 1530 pura
944 1448 1068 1514 dabunt.

749 1610 798 1672 Ll.

360 1722 430 1798 Quod
442 1725 613 1786 convivaris
627 1725 695 1785 sine
709 1742 759 1784 me
774 1729 838 1783 tam
852 1743 963 1804 saepe,
984 1724 1144 1807 Luperce,

391 1809 504 1887 luveui,
525 1818 653 1870 noceam
671 1829 730 1888 qua
744 1809 866 1868 ratione
882 1810 950 1869 tibi.

360 1888 472 1971 luseur,
492 1893 571 1953 lieet
585 1912 684 1972 usqne
698 1911 790 1952 vaces
802 1893 969 1971 mittasque
987 1913 1150 1973 rogesque.

390 1978 484 2055 „Quid
501 1977 644 2040 facies‘l“
662 1977 775 2056 inquis.
807 1976 889 2052 Quid
902 1977 1034 2038 faciam?
1056 1980 1185 2040 veniam.

746 2137 809 2201 Lll.

361 2243 413 2308 llae
423 2250 503 2310 iacet
516 2250 550 2309 iu
563 2246 681 2310 tumulo
696 2255 802 2328 raptus
816 2249 988 2330 puerilibus
1002 2252 1089 2313 anuis

389 2331 603 2413 Pantagathus,
623 2333 738 2393 domiui
753 2354 826 2393 sura
841 2332 992 2413 dolorque
1006 2339 1071 2415 sui,

361 2410 406 2476 vn
417 2423 562 2498 tangente
577 2437 668 2496 vagas
684 2417 770 2477 ferro
786 2436 931 2478 resecare
947 2419 1075 2500 capillos

363 2509 371 2521 “
390 2499 497 2564 Ductus
513 2508 547 2562 et
559 2503 695 2561 hirsutas
708 2501 881 2562 excoluisse
896 2520 999 2580 genas.

345 2577 497 2664 ⁵Sislieet,
519 2592 555 2646 ut
572 2585 684 2664 debes,
706 2585 817 2666 tellus,
838 2585 960 2666 placata
973 2586 1131 2669 levisque,

389 2669 518 2753 Artificis
532 2669 632 2730 leviar-
645 2689 708 2730 nun
722 2676 813 2751 potes
832 2688 901 2731 esse
916 2691 1015 2734 manu.

734 2819 810 2878 Llll.

359 2923 435 2993 latus
447 2935 608 2994 uobiscum
622 2940 687 3012 est,
708 2934 818 2995 hilaris
834 2938 967 3017 cenavit,
989 2944 1022 2999 et
1034 2936 1118 2998 idem

389 3015 525 3079 Inventus
539 3037 629 3078 mane
644 3025 692 3079 est
706 3025 845 3079 mortuus
860 3020 1065 3100 Andragoras.

360 3092 420 3161 'lam
432 3104 552 3163 subitae
566 3105 675 3164 martis
693 3123 829 3182 causam,
850 3103 1013 3184 Faustiue,
1034 3103 1194 3184 requiris?

387 3183 417 3246 lu
431 3188 546 3249 samnis
560 3185 713 3249 medicum
727 3187 848 3249 viderat
861 3189 1096 3252 Hermocraten.

736 3337 814 3398 LlV.

359 3438 458 3509 lautos
474 3453 508 3510 et
525 3455 626 3510 tantas
644 3430 671 3510 si
687 3449 793 3510 dicere
811 3448 1030 3529 Sextilianum,

388 3532 480 3612 Aule4
502 3540 608 3611 vetes,
629 3536 737 3612 iunget
751 3535 800 3594 vix
816 3536 878 3594 tria
892 3535 987 3594 verba
1002 3535 1106 3621 rniser.
1158 3594 1161 3599 .

356 3615 444 3692 „Quid
458 3620 520 3680 sibi
533 3618 645 3679 νιιῙιὶἱιι
659 3619 771 3697 inquis.
799 3618 923 3696 Dicam,
948 3617 1022 3696 quid
1036 3619 1177 3703 suspicet
1189 3634 1293 3699 emt,-

388 3701 500 3766 Tautos
516 3709 550 3765 et
563 3708 664 3765 tantas
678 3699 865 3766 Sextilianus
879 3706 968 3766 amat.
1131 3676 1325 3918 ,1
