3267 4409
323 484 362 548 76
641 482 686 546 Μ,
702 482 793 545 VAL.
809 479 1034 543 maurinus
1051 524 1055 530 -

405 636 573 702 Custodem
586 635 689 698 medio
704 637 812 696 statuit
828 654 919 715 quam
931 632 1040 694 villone
1054 635 1164 714 horto,

364 738 397 787 10
447 723 597 804 Opposita
611 725 731 801 spectat
746 740 835 799 quam
850 720 947 798 proba
962 720 1048 797 uirgo
1063 739 1164 782 manu.

404 809 436 868 Si
451 809 531 867 bene
545 813 578 867 te
593 806 680 882 novi,
700 803 826 883 longum
840 804 899 862 iam
913 801 995 863 lassa
1008 801 1149 863 libellum

444 891 602 968 Ponebas,
625 894 742 949 tautum
756 908 839 949 nune
853 885 989 946 studiosa
1006 886 1104 966 leges.

785 1021 892 1081 LXIX.

404 1139 512 1198 Omnia
526 1134 609 1217 quod
621 1135 731 1196 scribis
748 1135 839 1193 castis
857 1133 1076 1213 epigrammata
1091 1137 1196 1196 verbis

446 1223 542 1301 lnque
556 1221 617 1280 tuia
632 1217 719 1278 nulla
730 1224 779 1278 est
793 1216 930 1277 mentula
945 1218 1148 1297 carminibua‚
1163 1230 1170 1239 ‘

403 1304 566 1381 Admiror‚
588 1302 696 1378 laudo,
718 1300 797 1361 nihil
811 1307 860 1360 est
873 1308 906 1361 te
922 1301 1056 1361 sanetius
1071 1321 1148 1377 uno:

443 1391 486 1449 At
499 1407 568 1447 mea
582 1382 703 1446 luxuria
716 1387 826 1465 pagina
840 1385 923 1445 nulla
937 1390 1032 1445 vacat.

382 1473 490 1534 ollaeo
504 1473 599 1550 igitur
612 1489 743 1549 nequam
758 1471 885 1529 iuvenes
899 1467 1070 1546 facilesque
1084 1468 1225 1550 puellae,

443 1558 529 1616 Haeo
545 1557 666 1632 senior,
688 1553 744 1613 sed
757 1572 847 1632 quem
862 1559 989 1632 torquet
1004 1555 1116 1633 amira,
1137 1553 1231 1634 legat.

401 1642 444 1701 At
455 1646 523 1718 tua,
545 1639 693 1716 Cosconi,
714 1636 952 1716 venerandaque
968 1643 1134 1718 sanctaque
1148 1641 1243 1702 verba

444 1725 471 1784 A
484 1725 590 1806 pueris
608 1723 724 1783 debent
742 1723 973 1801 virginibusque
987 1720 1061 1800 legi.

792 1855 885 1916 LXX.

402 1970 554 2032 Moechus
569 1989 603 2030 ea
618 1966 777 2046 Aufidiae,
798 1969 849 2046 qui
865 1967 928 2043 vir,
951 1966 1116 2048 Scaevine‚
1139 1969 1243 2046 luisti;

444 2053 560 2115 Rivalis
575 2055 678 2114 luerat
693 2054 745 2132 qui
760 2058 848 2128 tuus,
869 2049 925 2109 ille
940 2052 986 2110 vir
1002 2056 1059 2110 est.

403 2139 467 2199 Cur
481 2137 581 2199 aliena
594 2138 698 2218 placet
710 2138 785 2213 tibi,
805 2153 884 2214 quae
899 2141 967 2213 tua,
989 2154 1051 2194 non
1064 2132 1171 2215 placet
1185 2140 1283 2200 uxor?

443 2222 598 2303 Numquid
612 2241 738 2282 securus
752 2239 814 2280 non
829 2225 919 2300 potes
934 2220 1096 2298 arrigere?
1165 2240 1170 2245 ·
1230 2278 1240 2286 ,

560 2320 566 2343 Ι
1032 2329 1050 2340 ι-

783 2352 889 2414 LXXI.

401 2465 543 2529 Mentula
557 2486 625 2526 oum
640 2463 745 2525 doleat
758 2483 872 2545 puero,
893 2468 968 2546 tibi,
989 2438 1140 2548 Nummio,
1164 2468 1268 2550 uulua,

442 2550 512 2614 Non
526 2570 592 2612 sum
610 2549 745 2629 divium,
768 2549 903 2611 sedacio
920 2550 994 2632 quid
1007 2552 1112 2615 facias.
1195 2597 1200 2603 -

781 2700 901 2763 LXXII.

400 2813 456 2876 Vis
473 2814 568 2894 futui,
587 2833 646 2875 neo
659 2816 705 2877 vis
718 2834 854 2893 mecum,
877 2813 1016 2893 Saufeia,
1039 2812 1144 2876 lavari.

441 2899 553 2959 Nescio
570 2897 652 2978 quod
667 2918 806 2978 maguum
822 2900 961 2978 suspicor
976 2917 1045 2958 esne
1060 2898 1158 2957 nefas.

400 2983 463 3042 Aut
478 2985 537 3042 tibi
550 3002 706 3062 pannosae
722 2982 902 3064 dependent
915 2989 1044 3062 pectore
1059 3001 1224 3060 mammae,

443 3069 505 3127 Aut
520 3066 622 3127 aulcoa
639 3069 720 3128 uteri
735 3066 871 3147 prodere
886 3067 967 3126 nuda
980 3068 1089 3139 time13

381 3153 469 3212 ohut
483 3152 604 3212 infinito
619 3151 757 3212 lacerum
771 3158 858 3231 patet
872 3153 986 3230 inguen
1000 3152 1103 3228 hiatu,

441 3237 504 3296 Aut
518 3236 635 3316 aliquid
650 3239 743 3297 cunni
757 3236 913 3317 prominet
925 3252 981 3293 ore
996 3236 1050 3295 tui.

401 3319 465 3379 Sed
478 3320 558 3380 nihil
572 3328 621 3382 est
635 3322 761 3399 horum,
778 3317 890 3396 oredo,
912 3316 1122 3398 pulcherrima
1137 3317 1219 3380 nuda
1234 3337 1277 3381 ea.

441 3404 475 3463 Si
489 3423 596 3465 rerum
610 3412 675 3485 ert,
696 3407 803 3465 vitium
820 3404 908 3482 peius
923 3404 1035 3462 habes:
1056 3403 1140 3462 fatua
1160 3421 1203 3465 ee.

766 3535 899 3597 LXXHI.

400 3646 522 3706 Dormio
538 3667 605 3708 cum
619 3651 725 3729 pueris
739 3651 933 3727 mutuniatis‚

403 3731 445 3794 Et
458 3750 521 3792 uon
536 3739 598 3793 stat
611 3735 687 3814 tibi,
706 3735 849 3816 Phoebe,
872 3734 955 3816 quod
970 3740 1031 3796 atat
1044 3732 1118 3796 illio.
1212 3770 1215 3775 ·
