3267 4409
324 480 388 546 832

649 483 694 548 Μ.
708 483 802 549 VAL.
817 484 1043 595 IIARTIALIS

654 685 732 750 clv.
754 684 874 749 Saccus
886 690 1032 750 aicardus.

408 787 579 846 Attenuare
591 785 678 847 nives
692 793 807 846 norunt
823 792 856 847 et
870 787 966 849 lintea
980 793 1100 849 nostra:

449 869 608 949 Frigidior
623 869 692 931 colo
706 890 770 931 non
784 871 855 931 salit
869 871 954 932 unda
963 879 1026 932 tuo.

620 1004 684 1068 (IV.
713 1001 837 1066 Urceoli
847 1005 1071 1068 mc'niotrotora'e'.

407 1099 535 1180 Frigida
548 1121 610 1182 non
626 1101 723 1180 desit,
743 1122 804 1163 non
821 1103 923 1165 deerit
937 1102 1025 1164 calda
1037 1107 1170 1184 petenti.

449 1185 513 1247 Sed
526 1191 561 1248 tn
575 1206 697 1248 morosa
709 1186 821 1248 ludere
835 1206 929 1269 parce
944 1188 1007 1251 siti.

674 1321 751 1384 cvi.
778 1319 894 1383 Urceus
898 1322 1020 1402 fictilia.

407 1419 467 1479 Iiic
481 1420 541 1481 tibi
556 1416 687 1481 donatur
704 1420 804 1500 panda
819 1423 914 1481 ruber
928 1440 1040 1481 urceus
1055 1440 1137 1481 ansa.

449 1503 571 1565 Stoicus
584 1504 644 1565 hoc
660 1505 792 1584 gelidam
805 1507 924 1566 Fronto
937 1507 1064 1586 petebat
1079 1524 1195 1584 aquam.

720 1639 810 1701 cvll.
835 1639 970 1700 Calathi.

277 1750 279 1754 ·
405 1736 468 1796 Nos
482 1734 601 1814 Satyri,
622 1754 679 1796 nos
693 1737 830 1797 Bacchus
842 1720 940 1815 amat,
960 1758 1018 1799 nos
1032 1736 1120 1798 ebria
1132 1738 1238 1818 tigris,

446 1820 594 1882 Perfusos
608 1810 723 1880 do'mini
737 1819 875 1881 lambere
892 1822 982 1882 docta
994 1821 1102 1903 pedes.

617 1955 721 2016 cviii.
748 1954 867 2017 Calices
879 1956 1060 2039 Saguntini.
1140 1945 1144 1951 ’
1179 1982 1183 1987 ·

404 2055 489 2131 Quae
503 2074 566 2114 non
581 2050 734 2114 sollicitus
749 2058 856 2114 teneat
873 2062 1038 2133 servetque
1053 2054 1212 2135 minister,

449 2139 541 2200 Sume
556 2139 725 2218 Saguntino
739 2137 851 2218 pocula
867 2140 948 2200 iacta
962 2139 1038 2202 luto.

643 2275 720 2335 CIX.
747 2274 873 2335 Colicae.
880 2275 1039 2356 gemmati.

405 2371 597 2431 Gemmatum
613 2370 767 2451 Scythicis
782 2379 816 2431 ut
829 2370 932 2431 luceat
946 2372 1070 2450 ignibus
1085 2391 1208 2452 aurum,

446 2456 571 2536 Aspice.
602 2457 685 2534 Quot
699 2455 813 2535 digitos
829 2458 912 2517 exuit
926 2457 987 2515 iste
1003 2454 1095 2518 calix!
1185 2492 1198 2503 -

652 2591 715 2653 CX.
739 2592 890 2673 Ampulla
898 2592 1037 2673 potorio.

404 2688 471 2748 Hac
483 2685 560 2749 licet
575 2689 608 2749 in
622 2708 756 2768 gemma,
779 2697 881 2751 servat
896 2707 974 2769 quae
989 2689 1111 2749 nomina
1126 2689 1246 2770 Cosmi,

444 2772 630 2852 Luxuriosa,
650 2775 753 2854 bibas,
775 2777 802 2834 si
816 2773 925 2835 foliata
940 2774 1019 2834 sitis.

686 2908 762 2968 cxl.
788 2907 990 2988 Crystallc'uo.
1104 2898 1109 2905 ¹

401 3007 560 3085 Frangere
575 3002 646 3066 dum
660 3007 787 3079 metuis,
809 3006 934 3083 franges
950 3001 1146 3084 crystalliua:
1166 3010 1294 3086 peceant

445 3091 579 3153 Securae
592 3092 718 3151 nimium
734 3089 950 3168 sollicitaeque
964 3107 1080 3150 manns.

656 3225 746 3284 CXII.
769 3221 899 3284 Nimbus
912 3225 1022 3284 oileus.

401 3325 428 3384 A
442 3325 513 3384 Iove
529 3324 582 3403 qni
595 3324 716 3402 veniet,
738 3323 895 3384 mIseenda
911 3322 948 3382 ad
961 3319 1073 3401 pocula
1086 3321 1188 3400 largae

440 3407 567 3472 Fundet
581 3409 701 3468 nimbus
716 3428 826 3488 aquas:
847 3409 898 3467 hic
914 3408 974 3467 tihi
989 3408 1057 3467 vina
1073 3405 1169 3469 dabit.

699 3541 803 3603 CXIII.
824 3541 978 3602 Murrc’no,

400 3639 434 3701 Si
449 3636 569 3701 caldum
582 3646 687 3721 potas,
707 3639 830 3702 ardenti
843 3660 946 3700 murra
959 3635 1095 3698 Falerno

443 3725 595 3786 Convenit
609 3733 642 3786 et
656 3724 765 3787 melior
778 3727 814 3786 fit
830 3743 921 3805 sapor
934 3721 1008 3783 inde
1022 3739 1118 3783 mero.
