3267 4409
326 456 393 523 212
605 513 610 522 .
649 458 694 521 M.
709 457 801 523 VAL.
816 444 1061 527 MARTIALIS.

821 611 882 673 LIL
1002 622 1008 634 '

410 731 444 791 Si
462 728 565 790 credis
579 730 670 809 mihi,
693 730 823 808 Quinte,
846 726 928 807 quod
942 729 1090 810 mereris,

409 813 551 894 Natales,
572 814 679 894 Ovidi,
700 821 768 874 tuas
782 815 909 894 Apriles

303 911 306 929 '
409 900 453 960 Ut
466 906 587 959 nostras
602 918 667 959 amo
682 899 811 966 Martias
825 896 987 960 Kalendas.

299 1007 304 1027 ¹
409 983 501 1045 Felix
513 989 643 1061 utraque
658 981 711 1043 lux
727 983 856 1062 diesque
870 985 960 1043 nobis

389 1068 466 1146 ssig
468 1067 560 1128 nandi
574 1066 754 1127 melioribus
768 1065 901 1147 lapillis!

411 1155 472 1212 Hic
486 1153 578 1212 vitam
593 1153 719 1231 tribuit,
741 1151 796 1212 sed
811 1153 862 1210 hic
878 1151 1014 1212 amicum.
1128 1211 1130 1215 Α

411 1237 484 1349 Plus
500 1235 594 1316 dant,
613 1237 745 1316 Quinte,
764 1237 842 1296 mihi
858 1244 927 1297 tuae
943 1228 1108 1298 Kalendae

810 1369 887 1433 LIII.
986 1427 988 1431 Α

410 1482 513 1545 Natali
527 1483 600 1561 tibi,
624 1483 756 1560 Quinte,
774 1488 827 1544 tuo
844 1483 918 1543 dare
932 1502 1025 1562 parva
1038 1480 1180 1543 volebam

452 1569 600 1642 Munera;
622 1573 656 1626 tn
669 1567 832 1646 prohibes:
854 1568 1037 1647 imperiosus
1051 1568 1142 1626 homo
1158 1586 1201 1629 es.

410 1651 584 1711 Parendum
599 1658 647 1710 est
660 1653 801 1727 monitis,
822 1652 875 1709 fiat
891 1649 972 1729 quod
987 1659 1118 1729 uterque
1133 1650 1270 1713 iolemus

453 1737 495 1797 Et
509 1734 591 1814 qnod
606 1742 769 1814 utrumque
783 1736 880 1811 iuvat:
900 1741 935 1796 tu
949 1737 1041 1814 mihi,
1061 1737 1191 1815 Quinte,
1213 1736 1296 1802 dato.

716 1938 719 1943 ,
802 1869 881 1932 LIV.

413 1967 446 2039 Si
461 1969 536 2028 mihi
550 1968 665 2027 Picena
679 1965 788 2028 turdus
803 1965 939 2048 palleret
956 1965 1051 2045 oliuu,
1103 1994 1106 1999 *

454 2051 616 2112 Tenderet
632 2058 683 2112 aut
697 2060 818 2112 nostras
833 2051 906 2112 silva
922 2051 1033 2112 Sabiua
1048 2049 1170 2131 plagam

413 2137 476 2195 Ant
491 2144 653 2197 crescente
668 2137 745 2197 levis
761 2139 938 2199 traheretur
952 2135 1101 2196 arundine
1115 2134 1234 2217 praeda

453 2218 579 2300 PInguis
595 2230 627 2281 et
640 2220 807 2300 Implicitas
820 2223 904 2300 virga
917 2227 1041 2281 teneret
1055 2239 1141 2280 avesa

390 2304 510 2382 sca-,re
533 2306 622 2364 daret
635 2305 786 2366 sollemne
798 2307 857 2366 tibi
872 2306 1012 2382 cognatio
1027 2324 1152 2384 munus,

452 2387 517 2447 Nec
531 2391 630 2449 frater
643 2392 749 2468 nobis,
770 2409 828 2449 nec
842 2392 929 2469 prior
944 2397 1028 2449 esset
1042 2408 1121 2449 avus.

411 2470 498 2531 Nunc
508 2475 661 2533 sturnos
652 2493 760 2553 mopes
773 2473 1041 2562 fringillorumque
1057 2472 1214 2551 querellas
1303 2550 1307 2556 .

453 2556 549 2615 Audit
563 2565 596 2616 et
610 2565 716 2635 arguto
733 2575 859 2637 passere
874 2553 981 2618 vernat
996 2576 1077 2636 ager.

411 2639 486 2700 Inde
501 2640 648 2702 salutatus
662 2643 749 2722 picae
764 2640 935 2721 respondet
950 2648 1069 2718 arator,

371 2735 405 2787 10
452 2725 533 2784 Hiuc
547 2744 645 2805 prope
660 2746 775 2785 summa
792 2745 886 2805 rapax
900 2724 1009 2786 milvus
1024 2725 1065 2786 ad
1077 2732 1159 2787 astra
1172 2724 1265 2788 volat.

411 2809 564 2870 Mittimus
580 2828 653 2888 ergo
669 2811 726 2870 tibi
740 2828 852 2889 parvae
867 2808 1046 2871 munuscula
1059 2811 1194 2890 chortis,

454 2893 601 2971 Qualia
576 2914 603 2954 ει
617 2895 749 2977 recipis,
771 2913 865 2974 saepe
879 2895 1071 2978 propinquus
1087 2896 1159 2959 eris.

819 3029 883 3092 LV.

409 3126 493 3187 Luce
507 3128 765 3208 propinquorum,
787 3148 846 3207 qua
860 3127 991 3219 plurima
1005 3126 1137 3187 mittitur
1151 3124 1234 3203 ales,

452 3213 530 3272 Dum
545 3209 664 3272 Stellae
678 3211 802 3291 turdos,
824 3210 905 3271 dum
910 3212 983 3288 tibi,
1002 3209 1133 3290 Flacco,
1154 3231 1246 3292 paro,

411 3288 556 3357 Occurrit
569 3297 684 3356 nobis
664 3315 783 3397 ungens
799 3313 991 3374 onerosaque
1005 3297 1110 3372 turba,

376 3406 378 3411 s
452 3381 486 3440 In
503 3400 561 3460 qua
575 3398 609 3439 se
623 3382 755 3459 primum
771 3381 901 3458 quisque
915 3398 1077 3457 meumque
1091 3385 1187 3459 putat.

388 3464 611 3525 snemeruisse
627 3464 703 3524 duos
717 3469 821 3524 votum
836 3471 900 3538 cst3
923 3462 1084 3524 offendere
1098 3462 1206 3544 plures

451 3549 510 3610 vix
527 3554 642 3623 tutum;
661 3546 766 3607 multis
778 3548 903 3607 mittere
918 3547 998 3607 dona
1012 3567 1103 3626 grave
1119 3555 1177 3610 est.

410 3632 475 3707 Qua
489 3652 613 3712 possum
628 3632 692 3691 sola
707 3633 825 3692 veniam
843 3633 963 3692 ratione
978 3634 1138 3694 merebor:

316 3724 318 3729 '
447 3716 515 3776 Nec
529 3715 647 3778 Stellae
662 3715 790 3797 turdosr·
807 3734 865 3779 nec
879 3717 955 3798 tibi,
974 3715 1106 3796 Iliacae,
1127 3715 1217 3777 dabo.
