3267 4409
681 444 805 492 suumn
827 447 911 494 xlv„

295 584 480 662 Flagraotem
503 583 561 643 late
584 590 614 643 et
635 586 795 662 rapientem
819 593 921 645 cuncta
941 585 1066 662 videbis,

294 668 359 731 Nec
381 667 432 727 tibi
455 675 591 745 parcetur
614 668 737 744 misero,
763 668 964 747 trepidumque
987 670 1153 746 magistrum

294 753 329 816 lu
349 768 441 813 eavea
463 766 567 827 magno
590 751 704 811 fremitu
728 751 776 811 leo
800 750 884 812 tollet
908 753 1046 813 alumnus.

294 836 373 898 Nota
394 833 603 895 mathematicis
626 837 744 911 genesis
765 845 829 903 tua;
853 835 905 895 sed
927 855 1018 913 grave
1040 837 1137 899 tardas

294 920 479 1000 Exspectare
504 916 602 978 colus:
625 919 758 978 morieris
780 919 901 978 stamine
923 919 1048 980 nondum

295 1004 441 1082 Abrupto.
475 1000 533 1061 lam
559 1012 633 1061 nuuc
657 1001 757 1062 obstas
786 1011 816 1061 et
841 1010 909 1062 vota
932 1004 1063 1079 moraris,
1227 1017 1281 1070 250

294 1088 357 1151 lam
383 1095 500 1164 torquet
522 1087 653 1145 iuvenem
677 1084 765 1164 longa
787 1095 816 1145 et
840 1088 956 1148 cervina
979 1095 1125 1147 senectus.

297 1170 386 1234 Ocius
410 1169 597 1246 Archigenen
618 1187 727 1247 quaere
750 1177 836 1247 atque
862 1189 925 1230 eme
947 1172 1024 1248 quod
1046 1169 1224 1234 Mithridates

297 1254 484 1334 Composuit,
508 1255 533 1312 si
555 1255 600 1312 vis
622 1253 706 1313 allam
727 1252 890 1331 decerpere
913 1253 998 1315 licum

297 1341 396 1418 Atque
418 1337 490 1398 alias
512 1346 638 1397 tractare
661 1355 754 1397 rosas.
787 1335 967 1399 bledioamen
987 1336 1148 1400 habendum
1169 1349 1225 1418 est,

297 1422 427 1487 Sorhere
448 1428 513 1480 ante
538 1420 632 1481 cibum
654 1420 732 1500 quod
754 1419 860 1481 debeat
881 1431 911 1481 et
932 1430 1016 1501 pater
1038 1431 1068 1482 et
1088 1425 1178 1482 rex.'-
1227 1434 1279 1487 255

340 1505 471 1566 tlonsno
494 1503 673 1583 voluptatem
696 1505 860 1581 egregiam,
884 1507 930 1565 cui
953 1505 1031 1566 nulla
1057 1505 1180 1586 theatra,

296 1588 385 1651 Nulla
408 1605 535 1666 aequare
558 1605 649 1666 queas
670 1589 815 1666 praetoris
838 1589 949 1667 pulpita
970 1589 1051 1665 lauti,

297 1674 331 1737 si
355 1681 490 1753 spectes,
517 1680 624 1750 quanto
647 1672 750 1751 capitis
773 1673 937 1733 discrimine
962 1680 1096 1733 constent

296 1756 478 1818 incrementa
505 1755 624 1830 domus,
647 1765 745 1817 aerata
766 1756 873 1816 multus
895 1757 924 1816 iu
946 1774 1015 1816 arca

296 1840 401 1903 Fiscus
424 1847 453 1900 et
476 1839 511 1899 ad
533 1839 649 1915 vigilem
672 1840 798 1918 ponendi
821 1837 943 1900 Castora
965 1842 1079 1916 nummi,
1228 1850 1281 1905 260

297 1924 424 2004 Exque
449 1922 525 1982 biars
547 1922 624 1983 ultor
646 1924 759 2000 galeam
782 1940 899 2003 quoque
923 1924 1048 2002 perdidit
1068 1932 1097 1984 et
1118 1940 1167 1984 res

297 2008 365 2071 Non
387 2009 480 2085 potuit
502 2025 621 2066 servare
641 2026 717 2066 suas.
749 2006 830 2084 Ergo
854 2008 946 2066 omnia
969 2005 1075 2067 Florae

296 2092 337 2155 Et
360 2089 476 2152 Cereris
500 2091 570 2151 licet
590 2098 620 2150 et
641 2089 767 2166 Cybeles
790 2090 892 2151 aulaea
913 2089 1078 2168 relinquas;

298 2176 392 2238 'lanto
413 2175 538 2235 maiores
559 2173 680 2235 humana
702 2177 820 2252 negotia
842 2174 910 2236 ludi.

297 2260 458 2336 Au-magis
482 2259 630 2320 oblectant
650 2260 772 2319 animum
794 2261 898 2320 iactata
920 2266 1041 2338 petauro
1228 2266 1278 2322 265

299 2343 433 2424 Corpora
455 2344 561 2422 quique
583 2342 660 2403 solet
681 2353 792 2403 rectum
815 2343 996 2404 descendere
1018 2343 1125 2418 luoem,

298 2427 391 2503 Quem
416 2436 463 2501 tu,
486 2424 611 2502 Corycia
636 2444 753 2506 semper
775 2428 823 2507 qui
845 2445 943 2507 puppe
968 2428 1090 2487 moraris
1150 2490 1154 2499 Δ

297 2511 397 2591 Atque
419 2509 546 2586 habitas,
570 2527 640 2570 coro
664 2529 781 2590 semper
803 2512 949 2573 tollendus
973 2519 1132 2589 elaustro,

301 2594 446 2676 [Perditus
469 2613 504 2655 ac
524 2592 590 2653 vilis
613 2597 692 2657 sacci
714 2605 862 2657 mercator
884 2595 1013 2674 olentia]

299 2677 358 2754 Qui
379 2677 489 2756 gaudes
513 2680 619 2756 pingue
642 2680 776 2757 antiquae
803 2680 839 2740 de
863 2679 950 2741 litore
974 2677 1080 2739 Cretae
1230 2685 1283 2742 uto

298 2762 419 2825 Passum
441 2772 470 2823 et
491 2764 650 2841 municipes
671 2761 749 2824 lovis
773 2763 928 2825 advexisse
951 2760 1094 2841 lagonas?

298 2845 356 2908 llic
377 2855 471 2906 tamen
494 2847 611 2925 ancipiti
636 2847 729 2924 ligens
752 2849 876 2924 vestigia
898 2848 996 2925 plante

298 2929 414 2991 Victum
431 2931 480 2990 illa
501 2931 637 2991 mercede
649 2935 743 3011 ,parat
761 2931 946 3009 brumamque
967 2930 1131 3009 famemque

299 3012 355 3075 Illa
377 3023 456 3074 reste
478 3023 575 3074 cavet:
600 3022 629 3075 tu
652 3025 773 3094 propter
795 3015 873 3076 mille
893 3014 999 3075 talenta

299 3096 339 3159 Et
360 3107 473 3158 centum
494 3097 579 3157 villas
602 3101 783 3159 temerarius.
817 3099 927 3177 Aspice
949 3106 1050 3176 portus
1230 3104 1282 3159 275

299 3180 339 3243 m
361 3180 478 3259 plenum
499 3184 609 3259 maguis
633 3182 762 3243 trabibus
785 3201 880 3243 mare:
906 3180 971 3261 plus
994 3181 1137 3241 hominum
1160 3188 1205 3241 est
1226 3181 1282 3240 iam

299 3260 477 3345 lu'pelago;
500 3268 599 3327 veniet
620 3267 739 3341 elassis,
764 3284 947 3345 quocumque
968 3267 1082 3325 vocarit
1175 3262 1178 3267 ’

300 3350 379 3429 Spes
404 3350 495 3425 lucri,
519 3369 575 3410 nce
598 3348 781 3428 Carpathium
803 3350 984 3427 Gaetulaque
1006 3357 1113 3408 tantum

300 3432 442 3510 Aequora
465 3435 623 3510 transiliet,
649 3433 701 3494 scd
724 3434 811 3511 longe
840 3432 931 3512 Calpe
954 3433 1056 3492 relicta

299 3516 410 3578 Audiet
430 3516 577 3577 Herculeo
604 3518 772 3578 stridentem
794 3519 910 3595 gurgite
933 3516 1036 3576 solem.
1230 3524 1284 3580 280

300 3599 417 3662 Grande
441 3618 550 3680 operae
577 3603 699 3680 pretium
721 3611 784 3678 est,
808 3610 837 3661 ut
861 3609 945 3659 tenso
969 3598 1042 3659 folle
1063 3599 1172 3659 reverti

299 3682 372 3747 lude
395 3683 509 3746 domum
530 3687 627 3765 possis
652 3685 815 3766 tumidaque
838 3682 981 3764 superbus
1004 3683 1113 3825 aluta7

342 3788 399 3829 ων.
415 3789 474 3829 sur.
