3267 4409
709 550 834 601 suanm
854 552 887 602 v.
1069 546 1076 555 ·
1248 544 1288 607 25

300 688 427 750 Frivola.
473 688 558 763 Quod
580 708 665 769 quum
686 692 724 752 ita
746 694 799 768 sit,
824 688 855 752 tu'
876 690 1246 771 Gaetulum'Gunymedcm

300 774 441 852 Respice,
466 792 551 853 quum
572 777 662 835 sities.
707 775 808 836 Nescit
829 785 872 837 tot
903 778 1018 838 milibus
1042 788 1169 857 emptus·
1254 791 1288 847 oo

299 856 478 935 Pauperibus
500 860 624 920 miscere
647 878 735 938 puer:
757 861 811 921 sed
835 861 945 937 forma,
969 862 1022 921 sed
1045 872 1125 922 aetas

298 941 393 1018 Digna
418 943 590 1018 supercilio;
618 944 732 1022 quando
757 944 793 1004 ad
816 954 846 1005 te
869 948 1004 1023 pervenit
1026 943 1100 1006 illei
1166 967 1169 973 ·

298 1024 420 1098 Quando
445 1035 563 1102 rogatus
584 1026 668 1087 adest
691 1028 802 1088 calidae
826 1029 1001 1109 gelidaeque
1021 1028 1173 1090 minister?

299 1109 417 1186 Quippe
439 1109 602 1186 indignatur
624 1114 718 1171 veteri
741 1130 847 1191 parere
871 1112 981 1189 clienti,

298 1192 442 1270 Quodque
465 1194 572 1272 aliquid
594 1212 717 1272 poscas,
741 1203 770 1255 et
791 1198 869 1274 quod
893 1217 925 1256 se
949 1206 1042 1257 stante
1066 1197 1229 1260 recumbas.
1253 1210 1287 1265 65

296 1274 420 1336 lllaxima
443 1295 575 1357 quaeque
599 1278 700 1338 domus
723 1282 817 1338 servis
841 1290 886 1339 est
910 1282 996 1359 plena
1019 1282 1164 1361 superbis.

297 1359 379 1420 Ecce
401 1360 473 1420 alius
497 1371 603 1439 quanto
627 1364 764 1442 porrexit'
782 1382 925 1424 murmure
949 1383 1052 1443 panem

296 1444 355 1504 Vix
376 1443 513 1521 fractum,
537 1446 649 1507 solidae
672 1448 728 1506 iam
750 1448 864 1507 mucida
885 1449 975 1509 frusta
997 1449 1119 1526 farinae,

297 1528 380 1601 Quae
402 1531 556 1605 genuinum
579 1532 706 1607 agitent,
730 1547 787 1590 non
810 1531 987 1592 admittentia
1011 1550 1153 1596 morsum:

296 1613 357 1673 Sed
380 1621 464 1673 tener
486 1622 515 1673 et
537 1615 639 1674 niveus
662 1614 801 1695 mollique
825 1615 938 1693 siligine
962 1617 1055 1676 iactus
1192 1652 1195 1657 ·
1253 1628 1287 1683 70

295 1697 436 1756 Servatur
459 1696 601 1757 domino·
628 1696 767 1759 Dextram
790 1698 930 1759 cohibere
945 1710 1097 1761 memento
1108 1724 1115 1773 ;

295 1781 384 1842 Salva
406 1782 443 1840 sit
465 1791 597 1861 artoptae
620 1782 802 1843 reverentia!
830 1783 908 1862 linge
929 1795 1025 1844 tamen
1048 1795 1077 1845 te

294 1864 510 1943 lmprobulum,
535 1876 671 1944 superest
694 1867 823 1945 illisqui
846 1886 957 1946 ponere
979 1877 1084 1947 cogat:

293 1950 347 2010 Vis
371 1957 400 2009 tu
423 1952 569 2009 consuetis
591 1950 685 2012 audax
709 1954 831 2012 conviva
854 1954 987 2013 canistris
1077 1966 1083 1973 ·

294 2031 414 2110 lmpleri
437 2035 579 2113 panisque
601 2037 641 2094 tui
663 2028 783 2095 novisse
808 2033 1017 2096 colorem‘l*
1251 2045 1284 2100 tt

294 2117 416 2178 Scilicet
438 2118 494 2178 hoc
517 2120 631 2195 luerat,
653 2118 878 2198 propterquod
902 2137 992 2198 saepe
1015 2120 1117 2180 relicta

296 2198 429 2278 Coniuge
452 2220 507 2281 per
527 2211 653 2262 montem
678 2202 832 2263 adversum
852 2203 1025 2281 gelidusque
1048 2205 1163 2264 cucurri

294 2284 460 2362 Esquilias,
483 2287 623 2346 fremeret
644 2303 733 2347 saeva
756 2304 842 2366 quurn
863 2287 1005 2365 grandine
1025 2305 1134 2347 vernus

294 2369 425 2448 luppiter
448 2379 477 2430 et
499 2370 587 2430 multo
611 2370 734 2430 stillaret
755 2372 880 2449 paenula
903 2370 1069 2431 nimbo!—

294 2453 424 2532 Aspice,
447 2472 531 2534 quam
554 2453 644 2531 longo
667 2456 811 2515 distendat
834 2464 958 2534 pectore
980 2456 1105 2532 lancem,
1250 2466 1286 2521 80

295 2535 379 2612 Quae
401 2537 494 2599 fertur
516 2539 631 2599 domino
655 2541 775 2617 squilla,
804 2549 833 2600 et
856 2540 960 2619 quibus
983 2540 1109 2619 undique
1132 2548 1216 2621 septa

294 2622 473 2700 Asparagis,
498 2641 553 2702 qua
575 2624 719 2703 despiciat
741 2626 873 2685 convivia
896 2624 997 2701 cauda,

291 2706 367 2767 Dum
397 2710 476 2768 veuit
513 2708 625 2767 excelsi
649 2708 780 2768 manibus
801 2707 915 2769 sublata
936 2709 1073 2768 ministri:

295 2791 356 2852 Sed
377 2790 428 2850 tibi
451 2792 566 2852 dimidio
592 2795 766 2852 constrictus
790 2812 949 2854 cammarus
972 2810 1029 2853 ovo

294 2874 413 2935 Ponitur
435 2876 541 2953 exigua
564 2875 664 2935 ieralis
688 2894 781 2936 coena
804 2878 923 2955 patella.
1250 2884 1286 2938 85

294 2959 364 3039 lpse
387 2958 557 3020 Venafrano
576 2960 688 3040 piscem
710 2961 872 3038 perfundit:
896 2968 925 3020 at
946 2960 1009 3034 hic,
1031 2960 1079 3037 qui

294 3042 422 3104 Pallidus
446 3045 565 3105 affertur
584 3045 692 3103 misero
714 3043 766 3103 tibi
789 3043 899 3119 caulis,
925 3042 1018 3103 olebit

293 3126 479 3196 Lanternam;
503 3129 572 3188 illud
597 3129 673 3187 enim
695 3128 801 3187 vestris
824 3127 908 3187 datur
930 3126 1071 3204 alveolis,
1094 3125 1172 3206 quod

296 3208 394 3272 Cunna
412 3212 602 3291 ‘Micipsarum
623 3228 711 3292 prora
734 3212 869 3272 subvexit
890 3220 986 3279 acuta;

294 3294 420 3374 Propter
440 3297 517 3376 quod
540 3297 651 3357 Romae
673 3314 736 3357 cum
757 3296 890 3356 Boccare
914 3312 999 3355 nemo
1019 3294 1141 3372 lavatur,
1200 3307 1204 3315 “

297 3378 396 3459 [Quod
417 3389 495 3442 tutos
521 3382 606 3441 etiam
628 3382 697 3442 iacit
719 3400 735 3442 a
758 3379 943 3459 serpentibus
966 3380 1060 3458 atris]
1110 3444 1113 3451 ,

294 3461 401 3541 Mullus
425 3467 479 3525 erit
503 3466 626 3543 domini,
651 3484 736 3544 quem
756 3467 833 3525 misit
857 3461 992 3540 cursum,
1015 3463 1065 3523 vel
1087 3479 1174 3541 quem

296 3546 556 3610 Tauromenitanae
579 3568 686 3630 rupes,
709 3550 824 3634 quando
849 3566 934 3608 omne
955 3557 1105 3626 peractum
1128 3555 1174 3607 est
1247 3570 1268 3611 ,·

295 3631 332 3692 Et
354 3635 409 3693 iam
431 3634 541 3694 deleuit
561 3643 690 3694 nostrum
711 3652 807 3709 mare,
829 3628 895 3694 dum
917 3630 995 3709 gula'
1009 3632 1112 3710 saevit,

295 3715 418 3777 Retibns
442 3718 565 3795 assiduis
589 3719 702 3801 penitus
726 3715 1024 3778 scrutentezmucetto
1247 3724 1283 3780 os

295 3800 446 3881 Proxima,
469 3822 525 3863 nec
541 3803 668 3883 patimur
689 3801 868 3887 Tyrrhenum
890 3818 1029 3863 crescere
1049 3801 1176 3887 piscem.
