3267 4409
686 446 812 497 sununs
832 448 886 499 xr.
1240 438 1280 501 79
1362 488 1372 503 .

295 587 428 669 Namque
452 585 493 647 ilri
513 584 646 647 icrtnnae
670 588 783 647 reniam
807 587 918 649 damus.
957 586 1033 649 Alea
1052 590 1156 670 turpis,

295 672 395 753 'lurpa
417 678 447 733 et
470 670 641 733 adulterium
665 671 874 742 mediocribus:
903 671 976 733 lraec
1001 672 1104 733 eedem
1129 673 1171 735 illl

294 754 398 818 Ornnia
423 772 509 835 quum
535 754 661 830 iaciunt,
686 754 793 815 lrilares
819 757 956 836 nitidique
978 766 1129 818 vocantur.

292 838 405 903 Nostra
431 838 539 900 dabunt
563 837 638 899 alios
661 836 747 899 lnodie
772 840 904 901 convivia
928 839 1031 901 ludos:

293 922 439 987 Conditor
460 922 567 983 lliadoa
591 921 752 982 cantabitur
774 933 861 1001 atque
882 923 1009 985 llaronis

291 1007 423 1071 Altisonl
448 1004 562 1067 dubiam
584 1006 718 1067 facientia
740 1009 865 1069 carmina
890 1007 1021 1086 palmam.

293 1090 373 1169 Quid
394 1089 501 1165 reiert‚
524 1089 599 1150 tales
626 1107 730 1150 versus
757 1109 813 1169 qna
838 1108 914 1152 voce
937 1087 1090 1169 leguntur?

337 1174 400 1237 Sed
422 1192 498 1235 nuno
522 1173 617 1235 dilatis
639 1182 740 1234 averte
760 1176 879 1251 negotia
906 1178 982 1236 curis

291 1258 332 1323 Er
359 1267 471 1338 metam
492 1259 624 1336 requiem
649 1258 725 1318 dona
742 1257 808 1333 tibi,
835 1258 949 1337 quando
972 1257 1072 1319 licebit

292 1344 353 1407 Per
374 1350 466 1403 toturn
490 1358 609 1403 cessare
632 1342 722 1409 diem;
749 1359 805 1402 non
827 1344 937 1403 lenonis
962 1342 1021 1403 ulla

291 1426 407 1491 llentlo
429 1441 501 1502 nec,
529 1426 619 1504 primu
642 1426 667 1485 ai
690 1425 756 1485 luce
783 1444 904 1504 egressa
926 1429 1034 1487 reverti

291 1511 393 1573 Nocte
414 1508 506 1585 solet,
533 1510 621 1569 tacito
644 1508 731 1569 bilem
754 1511 804 1570 tibi
829 1510 979 1571 contrahat
1000 1527 1084 1588 uxor,

292 1593 419 1657 Humida
440 1594 586 1673 suspectis
611 1594 744 1654 relerena
770 1594 896 1654 multicia
918 1595 998 1672 rugis

291 1680 485 1757 Vexatasque
512 1693 610 1737 comas
639 1686 668 1737 et
691 1678 798 1738 vultum
822 1695 979 1757 auremque
1002 1676 1154 1740 calentem.

292 1762 432 1827 Protinus
453 1770 520 1821 ante
543 1779 637 1821 meum
658 1761 794 1839 quidquid
821 1762 901 1823 dolet
923 1780 998 1823 exue
1020 1762 1116 1835 limen,
1227 1808 1230 1815 .

292 1847 377 1910 Pone
398 1845 511 1905 domum
534 1852 564 1904 et
587 1863 691 1905 servos
715 1854 745 1905 et
769 1847 907 1925 quidquid
932 1846 1072 1922 inungitur
1095 1846 1154 1907 illis

292 1932 356 1993 Ant
377 1929 469 2008 perit;
496 1930 625 2005 ingratos
648 1938 714 1990 aute
738 1930 832 1990 omnia
855 1948 932 2009 pone
957 1928 1085 1989 sodales.

291 2014 413 2079 Interea
436 2012 652 2090 Megalesiacae
676 2013 846 2092 spectacula
868 2031 991 2093 mappae

291 2099 415 2163 ldaenm
440 2097 581 2157 sollemne
607 2098 722 2173 colunt,
748 2099 907 2177 similisque
930 2095 1073 2176 triumpho

292 2182 409 2245 Praeda
432 2180 609 2242 caballorum
632 2190 751 2261 praetor
772 2182 857 2242 sedet
877 2200 928 2258 ac,
953 2181 1021 2241 milri
1043 2198 1118 2261 pace

293 2268 458 2329 Immensae
483 2266 645 2345 nimiaeque
670 2265 739 2327 licet
759 2268 784 2327 si
805 2267 905 2327 dicere
926 2264 1034 2346 plebis,

293 2352 402 2415 'lotam
426 2348 511 2410 hodie
534 2349 653 2411 liomam
675 2352 769 2411 circus
792 2352 869 2430 capit
893 2360 922 2410 et
940 2351 1040 2428 fragor
1061 2367 1159 2410 aurem

294 2434 443 2509 Perculit,
469 2442 603 2495 eventum
624 2433 723 2494 viridis
750 2452 807 2514 quo
836 2434 945 2513 colligo
968 2434 1063 2514 pauni.

293 2519 418 2581 Narmal
442 2516 597 2593 deiiceret,
624 2528 763 2579 maestam
787 2521 994 2599 attonitamque
1013 2520 1130 2580 videres

293 2604 379 2665 lianc
403 2600 521 2678 urbem,
546 2600 636 2662 veluti
662 2600 821 2664 Cannarum
842 2606 871 2663 in
891 2604 1013 2682 pulvere
1038 2605 1123 2664 victis
1230 2615 1282 2668 ποθ

295 2684 487 2749 consulibus.
525 2686 665 2765 spectent
687 2688 825 2765 iuvenes,
850 2705 925 2766 quos
949 2689 1060 2749 elamor
1082 2696 1111 2747 et
1134 2687 1227 2748 audax

295 2772 445 2851 Sponslo‚
470 2787 543 2849 quos
568 2770 664 2831 cultae
687 2770 773 2832 decet
797 2774 946 2833 assedisse
970 2771 1103 2850 puellae;

295 2854 408 2917 Nostra
433 2852 511 2915 bibat
532 2872 651 2915 remum
676 2865 824 2916 contracta
846 2855 972 2916 cuticula
993 2855 1088 2914 solem
1156 2910 1159 2915 .

295 2938 486 3017 Effugiatque
511 2945 618 3015 togam.
655 2937 714 3000 lam
737 2959 812 3000 nunc
833 2941 862 3000 in
883 2938 986 2999 balnea
1005 2938 1087 2998 selva

294 3022 407 3086 Fronte
431 3022 501 3083 lieet
522 3023 629 3100 vadas,
654 3040 826 3105 quamquam
847 3022 941 3085 solida
965 3023 1037 3083 lnora
1061 3020 1187 3099 supersit
1228 3031 1279 3084 205

294 3107 345 3169 Ad
368 3115 491 3168 sertam.
532 3104 644 3168 Facere
668 3108 725 3168 hoc
746 3127 803 3168 non
828 3109 925 3187 possis
946 3109 1072 3186 quinque
1093 3103 1195 3166 liebus

296 3188 469 3267 Continuus,
489 3191 556 3269 quia
579 3199 645 3252 eunt
667 3192 732 3252 talis
756 3210 873 3272 quoque
897 3192 991 3252 taedia
1013 3191 1090 3251 vitae

294 3275 417 3357 legum
440 3274 608 3355 voluptates
630 3279 810 3339 commendat
832 3279 926 3338 rarior
946 3292 1026 3336 nsua.

686 3502 892 3516 ῌ
