3267 4409
662 447 787 496 suumn
808 448 881 503 xlv.

294 586 416 653 blateria
442 592 576 647 constare
601 592 682 663 putat
708 584 887 663 paribusque
912 584 1074 663 clementis,

295 676 343 735 Au
363 671 479 732 saevire
501 670 589 730 docet
612 668 742 745 Rutilus,
773 670 820 747 qai
841 670 949 745 gaudet
969 670 1079 730 acerbo

294 758 449 835 Plagarurn
474 755 595 831 strepitu
618 762 648 812 et
670 752 775 813 nullam
797 754 899 813 Sirena
923 753 1049 831 flagellis

296 839 469 919 comparat,
491 837 664 915 Antiphates
686 839 790 915 trepidi
811 836 879 897 laris
898 856 932 897 ac
953 837 1159 917 Polyphemus,
1246 851 1282 903 20

294 926 377 989 Tunc
399 924 489 998 felix,
514 922 630 1001 quoties
655 920 758 999 uliquis
780 931 893 981 tortore
917 931 1024 982 vocato

293 1010 394 1073 Uritur
418 1008 529 1068 ardenti
551 1006 608 1065 duo
635 1015 755 1083 propter
777 1006 865 1067 lintca
886 1002 989 1067 lerrol

295 1093 373 1169 Quid
393 1091 497 1153 suadet
518 1090 614 1149 iuveni
637 1089 730 1149 laetus
754 1089 879 1149 stridore
901 1100 1034 1168 catenae,

295 1178 390 1253 Quem
411 1177 482 1235 miro
506 1174 633 1234 alliciunt
654 1175 791 1251 inscripta
814 1174 978 1252 ergastula,
1003 1171 1127 1236 carcer?

293 1251 433 1323 Rusticus
458 1266 631 1336 exspectas,
658 1267 688 1316 ut
710 1275 767 1316 non
790 1258 827 1318 sit
850 1257 979 1318 adultera
1001 1256 1114 1336 Largae
1244 1270 1279 1322 25

294 1345 385 1422 Filia,
411 1361 486 1422 quae
509 1359 660 1419 numquam
681 1351 827 1401 maternos
850 1342 948 1401 dicere
969 1343 1110 1402 moechos

294 1428 366 1492 Tam
388 1429 448 1489 cito
471 1445 527 1505 uec
553 1435 631 1486 tanto
658 1428 765 1504 poterit
787 1434 945 1486 contexere
971 1445 1068 1503 cursu,

296 1513 335 1575 Ut
356 1529 415 1572 non
437 1511 603 1571 terdecies
628 1507 778 1589 respiret?
806 1512 924 1570 conscia
946 1511 1030 1571 matri

293 1595 389 1674 Virgo
412 1596 480 1663 tum
503 1612 587 1655 ceras
615 1611 689 1652 nnnc
711 1593 765 1653 bac
789 1594 915 1654 dictante
941 1594 1065 1674 pusillas

294 1680 401 1761 lmplet
425 1687 454 1738 et
476 1679 511 1739 ad
533 1677 685 1737 moechum
709 1678 757 1738 dat
779 1679 888 1739 eisdem
910 1679 990 1739 ferre
1014 1677 1152 1746 cinaedis.
1186 1714 1189 1721 -
1214 1718 1218 1725 .
1248 1689 1282 1742 30

294 1766 347 1827 Sic
372 1771 472 1824 natura
495 1761 588 1822 iubet:
613 1761 745 1822 velocius
769 1771 798 1822 et
821 1764 906 1822 citius
926 1781 980 1823 nos

295 1848 490 1925 cormmpum
511 1847 645 1906 vitiorum
671 1844 823 1924 exempla,
851 1846 1010 1907 domestica
1035 1848 1145 1923 magnis

294 1933 389 2009 Quum
413 1931 536 1991 subeunt
563 1931 673 1990 animos
699 1930 876 1990 auctoribus.
914 1930 993 1990 Unus
1018 1940 1048 1990 et
1069 1930 1143 1990 alter

292 2015 430 2080 Forsitan
459 2015 532 2074 haec
560 2023 697 2093 spernant
721 2014 858 2090 iuvenes,
883 2013 989 2093 quibus
1012 2024 1075 2075 arte
1099 2014 1223 2092 benigna

292 2100 334 2163 Et
356 2099 480 2161 meliore
506 2098 567 2159 luto
591 2098 670 2158 linuit
693 2097 864 2177 praecordia
888 2097 983 2168 Titum
1121 2094 1133 2105 ”
1246 2109 1280 2163 35

293 2185 355 2247 Sed
377 2183 508 2262 reliquos
533 2182 671 2260 fugienda
695 2192 806 2260 patrum
830 2182 956 2259 vestigia
979 2182 1086 2243 ducant

292 2268 333 2331 Et
354 2275 510 2328 monstrata
532 2266 580 2327 diu
602 2267 712 2327 veteris
737 2267 823 2326 trahit
845 2266 938 2327 orbita
964 2265 1079 2345 culpae.

292 2352 451 2415 Abstineas
477 2352 564 2428 igitur
587 2350 766 2420 damnandis;
791 2350 874 2429 huius
902 2351 976 2409 euim
997 2350 1046 2411 vel

293 2435 358 2499 Uu'a
380 2444 484 2516 potens
506 2436 580 2495 ratio
605 2443 665 2510 est,
690 2452 727 2494 ue
753 2435 870 2496 crimina
891 2443 991 2495 nostra
1013 2443 1170 2516 sequautur

292 2518 342 2583 Ex
360 2519 444 2580 uobis
466 2520 574 2597 geniti,
602 2519 737 2599 quoniam
763 2518 876 2579 dociles
898 2519 1042 2580 imitandis
1248 2529 1282 2583 to

294 2603 442 2684 'l'urpibus
467 2621 503 2664 ao
525 2605 621 2682 pravis
646 2619 747 2663 omnes
770 2622 882 2672 sumum
910 2612 939 2664 et
964 2602 1116 2666 Catilinam
1230 2623 1253 2655 ·-

294 2688 486 2767 Quocumque
507 2689 536 2746 ln
558 2687 667 2766 popolo
692 2688 809 2763 videas,
835 2706 1019 2768 quocumque
1042 2689 1095 2749 sub
1119 2707 1185 2763 axe,

294 2772 356 2835 Sed
381 2790 438 2833 nec
457 2771 561 2832 Brutus
584 2773 654 2847 erit,
677 2771 757 2832 Bruti
779 2789 836 2831 nec
860 2772 1019 2832 avunculus
1041 2791 1170 2850 usquam.
1248 2808 1250 2813 ·

293 2855 344 2918 Nil
366 2857 443 2918 dictu
465 2854 582 2916 foedum
603 2859 726 2934 visuque
748 2856 822 2915 hacc
849 2856 944 2915 limina
966 2858 1074 2932 tangat,

293 2940 373 3003 lutra
397 2957 471 3019 quae
494 2949 578 3019 pater
600 2948 659 3009 est;
684 2939 804 3018 procul,
828 2939 865 3000 ah
887 2940 990 3017 procul
1013 2939 1079 3000 iude
1101 2938 1218 3019 puellae
1248 2948 1281 3002 45

292 3024 441 3087 benonum
469 3031 498 3084 et
521 3033 620 3084 cantus
646 3024 844 3103 pernoctantis
868 3022 1002 3100 parasiti!

292 3108 419 3173 blasima
442 3108 565 3170 debetur
587 3126 681 3187 puero
702 3110 882 3168 reverentia:
907 3107 932 3166 si
956 3107 1025 3186 quid

294 3193 394 3273 'l'arpe
420 3211 523 3272 paras,
550 3211 605 3253 uec
630 3201 660 3253 tu
683 3193 765 3271 pueri
789 3193 999 3270 contempseris
1022 3208 1123 3268 anuos,

293 3275 355 3341 Sed
379 3287 538 3358 peccaturo
561 3277 658 3338 obstet
683 3276 733 3336 tibi
760 3275 961 3355 liliusinlans.
1172 3333 1178 3345 ,

292 3362 368 3424 Nam
394 3363 418 3421 si
447 3362 514 3440 quid
540 3361 656 3439 dignam
684 3362 816 3420 censoris
842 3360 946 3420 lecerit
970 3361 1011 3420 ira
1247 3369 1281 3421 50

294 3446 479 3524 Quandoque
508 3455 536 3505 ct
559 3444 681 3506 similem
703 3445 754 3505 tibi
779 3462 813 3503 se
839 3461 896 3503 non
918 3460 1045 3521 corpore
1070 3451 1176 3503 tantum

291 3528 360 3595 rtec
382 3530 463 3590 uultu
491 3530 620 3605 dederit,
647 3546 758 3588 morum
784 3540 901 3608 qnoque
925 3527 1000 3587 lilius
1022 3536 1051 3588 et
1074 3528 1122 3608 qui

294 3613 399 3675 Omnia
426 3614 555 3674 deterius
576 3623 624 3674 tna
650 3631 705 3692 per
727 3615 850 3690 vestigia
872 3619 989 3691 peccet,

293 3696 450 3778 Corripies
475 3699 606 3778 nimirum
628 3706 657 3758 et
679 3697 836 3777 castigabis
859 3694 967 3757 acerbo
