3267 4409
331 460 394 527 sos
607 457 1089 557 mnnxnusannfflsnou.

332 612 530 674 Potornobilis‚
546 612 624 672 Aule,
643 612 801 663 lumineuno
812 645 1061 664 ........
1076 631 1097 664 “.
1125 650 1132 665 .
1161 649 1169 667 .
1195 650 1202 665 .
1268 617 1277 651 l

332 685 458 748 Praeceps
477 684 618 748 sanguinea
636 683 695 733 dum
709 696 737 730 se
755 688 821 731 rotat
838 695 914 733 ursus
931 681 1028 732 hucne
1056 717 1203 735 .....
1260 684 1277 737 1

332 751 473 802 Praedones
489 753 553 812 duo,
573 757 691 813 quattuor
707 750 802 800 tribuni
812 784 1202 805 ............

331 821 440 871 Praedia
457 819 528 870 solus
546 821 624 870 habes
639 828 663 868 et
679 817 765 881 solus,
785 816 910 880 Candida,
928 835 1045 870 nummos
1055 854 1202 871 .....
1267 823 1277 875 1

331 889 429 940 Praedo
448 888 496 938 luit
511 889 656 948 volucrum,
675 886 786 936 famulus
804 902 871 936 nunc
889 889 1008 954 aucupis:
1025 889 1095 939 idem
1125 922 1132 939 .
1160 925 1167 939 .
1194 924 1202 938 .
1233 889 1277 943 ΧΓ

330 956 460 1008 Praestitit
478 958 607 1007 exhibitus
622 963 675 1006 tota
691 957 751 1020 tibi,
771 955 876 1020 caesar,
892 956 987 1020 har-ena
1021 991 1201 1008 ......

331 1026 474 1077 Praetorem
486 1041 584 1091 pauper
601 1033 700 1073 centurn
718 1024 835 1075 sestertia
853 1023 951 1074 Gaurus
988 1059 1202 1076 .......
1270 1030 1277 1078 l

331 1095 417 1144 Prima
434 1095 546 1144 Palatino
565 1094 609 1143 lux
624 1102 663 1142 est
678 1094 742 1143 haec
757 1099 812 1144 orta
829 1086 938 1143 Tonanti
951 1128 1202 1145 ........
1267 1096 1278 1147 l

330 1161 416 1212 Prima
430 1163 568 1212 salutantes
586 1170 661 1224 atque
679 1162 758 1212 altera
775 1162 882 1211 conterit
897 1161 960 1212 hora
988 1197 1200 1213 .......

271 1270 274 1275 Α
330 1231 430 1282 Primos
449 1240 607 1296 passatoros
624 1238 648 1280 et
663 1230 747 1281 adhuc
762 1229 888 1295 placanda
904 1231 996 1280 marito
1019 1266 1026 1280 .
1124 1265 1131 1280 .
1159 1266 1167 1282 .
1193 1265 1200 1280 .
1267 1234 1277 1283 l

330 1299 442 1348 Primum
458 1309 510 1365 est,
529 1306 557 1348 ut
573 1306 701 1363 praestes,
719 1299 742 1348 si
759 1299 821 1361 quid
835 1305 872 1356 te,
889 1297 981 1359 Cinna,
1000 1299 1096 1364 rogabo
1124 1335 1131 1348 .
1158 1335 1166 1349 .
1193 1333 1200 1349 .
1260 1302 1277 1353 l

330 1368 447 1428 „Primus
461 1369 505 1417 ubi
519 1370 573 1418 est“
595 1369 678 1429 inquis
699 1383 775 1428 „curn
789 1367 824 1415 sit
835 1367 898 1416 liber
911 1368 959 1416 iste
971 1367 1135 1417 secundus?“
1159 1403 1166 1418 .
1192 1401 1199 1416 .

329 1436 451 1502 Princeps
470 1437 561 1485 Niliaci
574 1437 684 1500 raperis,
704 1435 836 1493 Cerasias,
855 1434 955 1484 macelli
985 1470 1199 1486 .......
1242 1436 1277 1489 Χ]

330 1505 489 1570 Principium
507 1506 567 1564 des,
582 1506 654 1565 lane,
673 1504 731 1554 lieet
749 1503 877 1554 velocibus
895 1505 968 1553 anuis
983 1537 1199 1559 .......
1265 1506 1277 1553 l

330 1575 432 1623 Priscus
448 1574 479 1624 ab
494 1573 614 1623 Aetnaeis
628 1572 705 1632 mihi,
718 1572 821 1632 Flacca,
839 1573 970 1623 Terentius
989 1573 1059 1623 oris.
1087 1607 1094 1621 .
1192 1608 1200 1622 .
1238 1576 1277 1637 Yl

329 1641 478 1706 Privignum
494 1657 543 1691 non
562 1657 618 1690 esse
636 1650 694 1690 tuae
709 1648 747 1701 ta,
764 1640 851 1701 Galle,
871 1655 995 1692 novercae
1017 1674 1199 1695 ......
1267 1645 1277 1694 l

329 1710 378 1760 Pro
396 1725 470 1771 sene,
486 1711 531 1760 sed
549 1709 630 1769 clare,
648 1718 735 1760 votnm
750 1710 820 1759 Maro
839 1709 899 1759 iecit
917 1711 999 1760 amico
1019 1745 1198 1763 ......
1257 1710 1277 1763 X

329 1779 441 1828 Proiecit
458 1787 519 1843 poto
537 1777 693 1828 Mithridates
707 1793 784 1843 saepe
800 1792 896 1828 veneno
917 1813 1198 1832 .........

329 1846 448 1897 Proficies
466 1847 530 1897 nihil
548 1848 597 1896 hoe
610 1847 701 1896 caedas
719 1845 778 1896 licet
792 1861 873 1909 usqua
891 1846 992 1912 flagello
1016 1882 1198 1900 ......
1241 1850 1277 1901 Xl

328 1917 502 1981 Proscriptum
520 1914 631 1965 famulus
647 1917 757 1966 servavit
770 1914 853 1964 fronte
871 1922 972 1965 notatus
982 1950 1198 1967 .......
1275 1962 1277 1969 .

328 1985 486 2036 Prostratum
504 1993 576 2035 vasta
594 1983 699 2033 Nemees
717 1984 745 2032 in
761 1983 827 2034 valle
840 1983 939 2033 leonem
979 2019 1197 2036 .......
1228 1986 1277 2053 Ερ,

249 2056 261 2069 “’
328 2051 448 2103 Proxima
464 2055 575 2103 centenis
594 2053 734 2102 ostenditur
751 2067 812 2101 ursa
828 2052 950 2102 columnis
987 2087 1197 2105 .......
1267 2056 1277 2107 l

328 2121 413 2171 Pruna
430 2122 578 2186 peregrinae
596 2122 662 2170 carie
680 2136 774 2186 rugosa
790 2127 906 2171 senectae
919 2155 1197 2174 .........
1239 2122 1277 2175 xt

329 2190 455 2253 Psilothro
470 2191 561 2240 faciem
579 2190 649 2239 lavas
667 2197 692 2239 et
710 2191 818 2254 dropace
836 2189 934 2239 calvam
947 2225 1197 2241 ........
1267 2194 1277 2243 l

329 2257 454 2308 Psittacus
474 2273 489 2308 a
506 2259 578 2308 vobis
597 2257 704 2308 aliorum
720 2259 824 2308 nomina
843 2259 912 2309 diseo
947 2294 1198 2310 ........
1239 2260 1277 2313 xt

328 2326 417 2376 Puella
436 2328 537 2376 senibus
553 2327 649 2377 dulcior
661 2327 724 2376 mihi
740 2328 831 2394 cygnis
846 2362 1197 2379 ...........

327 2396 425 2460 Pugio,
444 2410 517 2458 quem
537 2410 614 2445 curva
628 2397 711 2462 signat
729 2397 813 2446 brevis
830 2396 912 2446 orbita
928 2412 994 2446 vena
1017 2432 1197 2449 ......
1239 2396 1277 2451 xl

327 2463 436 2513 Pulcher
453 2464 525 2512 adest
542 2479 650 2529 onager:
664 2466 730 2514 mitti
745 2465 846 2516 venatio
865 2466 938 2515 debet
948 2501 1197 2518 ........
1220 2468 1277 2519 xit

327 2530 436 2582 Pulchre
451 2532 518 2580 relat
538 2532 676 2595 Charinus,
693 2540 718 2582 et
735 2542 820 2583 tamen
836 2533 914 2599 pallet
943 2569 1197 2587 ........

327 2598 424 2649 Puncta
441 2607 513 2649 notas
528 2601 579 2650 ilex
597 2610 621 2650 et
637 2609 711 2652 acuta
729 2603 834 2668 cuspide
851 2602 921 2653 clusa
947 2638 1197 2655 ........
1245 2604 1277 2657 xi

327 2667 439 2734 Pyrrhae
455 2667 521 2729 lilia,
537 2670 651 2720 Nestoris
663 2685 772 2721 noverca
807 2706 1198 2725 ............
1274 2674 1277 2725 ζ

831 2821 867 2915 ll.

328 2931 384 2992 Qua
399 2930 480 2982 lactus
497 2934 593 2982 ratione
611 2933 645 2982 sit
660 2933 768 2994 requiris
780 2969 1160 2988 ............
1183 2940 1197 2989 “.
1258 2938 1277 2993 1

327 3000 383 3060 Qua
398 3001 530 3051 moechum
548 3002 645 3050 ratione
661 3002 771 3050 basiaret
781 3037 1197 3059 .............
1250 3006 1277 3061 1

328 3069 383 3129 Qua
400 3070 486 3119 vicina
503 3070 567 3135 pluit
584 3070 706 3134 Vipsanis
724 3079 799 3136 porta
816 3071 939 3121 columnis
950 3107 1197 3126 ........
1264 3078 1277 3131 1

327 3139 497 3197 Quadrantem
516 3139 621 3203 Crispus
639 3137 748 3201 tabulis,
766 3140 900 3200 Faustine,
915 3142 1043 3206 supremis
1082 3177 1089 3193 .
1117 3178 1124 3192 .
1153 3178 1161 3194 .
1189 3181 1197 3195 .
1273 3148 1277 3159 “

327 3206 517 3272 Quadringenta
534 3208 582 3258 tibi
600 3222 650 3257 non
669 3215 742 3268 sunt,
761 3207 950 3260 Chaerestrate:
970 3225 1045 3277 surge
1083 3246 1090 3261 .
1118 3246 1125 3261 .
1154 3248 1161 3262 .
1189 3248 1197 3264 .
1272 3214 1277 3229 ‘

328 3276 576 3341 Quadringentorum
594 3277 680 3326 reddis
699 3276 776 3336 mihi,
794 3277 908 3338 Phoebe,
926 3278 1031 3329 tabellas
1049 3315 1198 3335 .....
1242 3282 1277 3335 ΠΙ

326 3343 396 3403 Quae
413 3346 478 3411 legis
496 3361 573 3396 cerusa
587 3347 675 3409 nupsit
689 3346 736 3396 tibi
751 3346 852 3407 Laelia,
868 3348 958 3407 Quinte
981 3382 1196 3402 .......

327 3413 397 3472 Quae
415 3414 482 3464 mala
495 3421 553 3463 sunt
571 3415 680 3474 domini,
700 3431 765 3478 quae
781 3417 848 3467 servi
862 3417 1007 3475 commoda,
1024 3418 1125 3469 nescis.
1154 3455 1161 3469 .
1189 3455 1197 3469 .
1264 3422 1277 3475 Ι

326 3480 396 3540 Quae
412 3482 475 3532 mihi
491 3485 646 3548 praestiteris
663 3485 765 3535 memini
782 3500 932 3550 semperque
945 3486 1034 3537 tenebo
1048 3521 1197 3540 .....

327 3548 397 3608 Quae
415 3553 493 3601 modo
513 3552 616 3601 litoreos
635 3553 710 3602 ibatis
729 3555 842 3603 carmina
858 3554 956 3620 Pyrgos
979 3590 1198 3609 .......
1266 3558 1277 3611 l

328 3617 397 3676 Quae
415 3624 485 3668 natat
503 3621 528 3669 in
548 3619 633 3671 Siculo
651 3623 758 3687 grandis
776 3637 896 3671 muraena
913 3622 1039 3686 profundo
1051 3659 1197 3678 .....
1234 3626 1277 3679 xi

328 3685 397 3747 Quae
414 3701 466 3738 non
484 3687 610 3740 sollicitus
628 3699 712 3740 teneat
729 3698 863 3754 servetque
880 3690 997 3742 minister
1015 3728 1197 3747 ......
1216 3694 1277 3749 XIV
