3267 4409
569 439 910 522 nemmmmuron
923 458 996 521 mr.
1011 461 1033 524 1.
1282 462 1323 522 ro

731 662 868 750 nxxvr.
933 617 937 622 ⁴

358 781 388 843 0
408 775 483 836 mihi
500 795 643 852 curarum
656 778 791 856 pretium
805 795 867 836 uon
882 774 945 836 vile
959 796 1112 858 mearum,

403 859 536 938 Pluere,
555 861 728 920 Antenorei
741 878 813 940 spes
829 867 862 920 et
878 860 997 922 alumne
1010 861 1103 941 laris,

360 946 487 1006 Pierios
503 943 597 1005 differ
611 949 717 1004 cantus
732 945 943 1023 citharamque
957 965 1115 1020 sorornm;

407 1031 472 1089 Aes
486 1028 573 1090 dabit
592 1029 711 1089 existis
726 1027 810 1088 uulla
824 1028 928 1108 puella
941 1031 1008 1091 tibi.
1124 1083 1127 1088 .

339 1112 450 1192 aQuid
463 1114 547 1193 petis
563 1133 580 1171 a
593 1111 743 1171 Phoebo?
758 1111 896 1173 nummos
911 1115 1005 1173 hahet
1019 1132 1089 1172 arca
1105 1112 1281 1188 Minervae;

407 1199 495 1257 Haec
510 1198 608 1276 sapit,
628 1197 705 1256 haec
720 1215 826 1256 omnes
841 1197 964 1257 fenerat
982 1212 1042 1256 una
1056 1195 1140 1258 deos.

364 1277 450 1360 Quid·
463 1287 594 1360 possunt
609 1279 746 1340 hederae
760 1281 873 1341 Bacchi
891 1280 989 1340 darei
1002 1289 1004 1293 ‘
1016 1279 1153 1342 Palladis
1167 1283 1260 1348 arhor

410 1364 543 1426 lnclinat
556 1365 655 1429 varias
668 1363 809 1444 pondere
824 1366 911 1442 nigra
924 1384 1034 1426 comas.

363 1452 499 1511 Praeter
514 1467 608 1526 aquas
625 1447 760 1508 Helicon
775 1455 808 1508 et
823 1456 907 1508 serta
922 1448 1069 1528 lyrasque
1085 1448 1211 1510 dearum

322 1549 358 1598 10
407 1532 460 1594 Nil
474 1533 571 1592 habet
587 1538 619 1592 et
634 1551 791 1611 magnum,
814 1532 870 1592 sed
884 1535 1033 1613 perinane
1048 1535 1170 1613 sophos.

366 1618 451 1696 Quid
464 1617 523 1677 tibi
539 1635 607 1675 cum
623 1616 756 1676 Cirrha?
778 1615 852 1695 quid
867 1637 933 1676 cum
949 1617 1144 1678 Permesside
1160 1617 1263 1679 nuda?

409 1703 579 1762 Romanum
592 1702 720 1780 propius
736 1699 922 1780 divitiusque
940 1701 1041 1761 forum
1056 1707 1112 1764 est.

366 1785 438 1848 Illic
454 1790 665 1845 aera'sonant:
687 1790 718 1843 et
736 1786 852 1844 circum
864 1785 985 1865 pulpita
998 1792 1105 1845 nostra

409 1872 452 1932 Et
465 1866 592 1931 steriles
607 1867 769 1929 cathedras
783 1869 868 1929 basia
882 1867 947 1930 sola
962 1874 1100 1949 crepant.

734 2035 882 2098 LXXVII.

365 2151 505 2213 Pulchre
520 2147 604 2210 valet
619 2150 786 2229 Charinus,
806 2158 840 2211 et
854 2159 956 2210 tamen
971 2148 1078 2229 pallet.
1240 2208 1243 2215 ,

365 2239 467 2298 Parce
482 2236 569 2318 bibit
578 2235 728 2295 Charinus
737 2278 749 2317 ‚⁸
768 2241 801 2294 et
814 2241 917 2295 tamen
931 2233 1036 2314 pallet.
1151 2290 1155 2300 ,

367 2324 457 2382 Bene
473 2319 639 2396 concoquit
654 2319 825 2396 Charinus,
847 2325 880 2379 et
895 2325 996 2379 tamen
1010 2317 1118 2399 pallet.

367 2404 444 2466 Sole
459 2403 740 2488 utiturcharinus,
762 2410 795 2463 et
808 2411 911 2463 tamen
923 2396 1028 2482 pallet.

346 2490 483 2568 5Tingit
498 2494 600 2548 cutem
615 2487 784 2565 Charinus,
806 2492 840 2547 et
853 2493 956 2546 tamen
969 2486 1076 2566 pallet.
1159 2517 1162 2522 ·

367 2576 512 2635 Gonnum
527 2572 680 2632 Charinus
692 2569 799 2650 lingit,
822 2577 854 2631 et
868 2577 969 2631 tamen
983 2571 1089 2652 pallet.

728 2737 892 2825 nxxvur.

367 2867 515 2948 Indignas
529 2871 688 2947 premeret
701 2867 800 2946 pestis
815 2885 884 2925 cum
898 2864 1002 2925 tahida
1016 2866 1121 2928 fauces

412 2954 511 3030 Inque
527 2970 599 3011 suos
613 2949 713 3010 voltus
727 2957 872 3030 serperet
887 2954 952 3009 atra
965 2948 1050 3027 lues,
1120 2984 1126 3001 ·.

370 3037 471 3097 Siccis
484 3037 553 3115 ipse
571 3032 657 3112 genis
669 3035 781 3093 flentes
796 3035 937 3096 hortatus
955 3035 1067 3093 amicos

411 3121 562 3180 Decrevit
577 3120 700 3196 Stygios
714 3118 828 3179 Festus
843 3117 930 3189 adire
943 3116 1038 3178 lacus.

351 3204 443 3265 5Nec
457 3210 560 3263 tamen
576 3204 706 3263 obscuro
720 3204 772 3282 pia
787 3200 901 3281 polluit
919 3221 972 3261 ora
986 3219 1105 3262 veneno

414 3290 480 3348 Aut·
491 3285 687 3347 torsit-lenta
701 3287 802 3346 tristia
815 3286 879 3344 fata
893 3285 989 3363 fame,

375 3372 518 3432 Sanctam
534 3371 669 3430 Romanu
682 3371 775 3430 vitam
789 3369 846 3428 secl
858 3375 959 3428 morte
972 3370 1097 3448 peregit

362 3514 364 3519 ,
416 3456 601 3533 Dimisitque
616 3455 745 3513 animam
758 3450 914 3513 nobiliore
927 3453 984 3513 via.

376 3541 463 3599 Hanc
478 3546 610 3599 mortem
623 3539 696 3597 fatis
710 3538 811 3616 magni
825 3537 987 3617 praeferre
1003 3534 1128 3595 Catonis

339 3633 370 3684 10
415 3625 510 3684 Fama
523 3626 644 3704 potest:
665 3622 755 3682 huius
771 3622 885 3683 Caesar
900 3621 1014 3681 amicus
1028 3626 1105 3681 erat.
