3267 4409
622 909 1084 988 cumulandus

424 1070 426 1077 ’
537 1080 1169 1180 blldltlblildldd

734 1266 900 1330 LIBER
918 1264 984 1330 ΧΠ.

610 1453 679 1515 Vol.
695 1453 853 1520 Martialis
867 1453 973 1515 lbisoo
988 1471 1045 1514 suo
1060 1451 1094 1514 S.

458 1562 535 1660 Scio
548 1616 598 1660 me
607 1599 812 1681 patrocinium
823 1596 939 1659 debere
953 1598 1245 1659 contumacissimae·
1253 1598 1364 1661 uieuui

375 1681 529 1759 desidiue3
564 1702 624 1763 quo
652 1681 837 1744 absolvenda
862 1701 925 1742 non
946 1686 1030 1742 esset
1049 1683 1132 1743 inter
1155 1681 1227 1743 illas
1247 1700 1362 1764 quoque

371 1768 496 1829 'urbicas
523 1767 756 1847 occupationes,
792 1767 902 1845 quibus
927 1765 1048 1826 facilius
1076 1768 1310 1847 consequimur,
1334 1772 1364 1827 ut

373 1851 497 1912 molesti
510 1852 629 1932 potius,
657 1869 747 1928 quam
763 1856 799 1910 ut
818 1849 950 1911 officiosi
971 1868 1041 1911 esse
1055 1849 1231 1927 videamur;
1257 1848 1364 1912 nedum

352 1938 409 2000 5in
422 1937 479 1996 bac
494 1931 676 2016 provinciali
690 1932 869 2012 solitudine,
880 1935 1004 2005 ubiuisi
1019 1935 1111 1995 etiam
1125 1936 1365 2017 intemperanter

373 2019 547 2101 studemus,
570 2024 603 2079 et
621 2019 688 2079 sine
711 2016 821 2079 solatio
838 2024 871 2078 et
884 2019 952 2078 sine
966 2021 1162 2079 excusatione
1177 2020 1363 2081 trecesimus.

372 2106 489 2187 Accipe
510 2123 584 2182 ergo
602 2105 772 2179 rationem
796 2103 830 2162 in
853 2122 912 2182 quo
931 2103 992 2163 hoc
1011 2105 1172 2164 maximum
1191 2109 1225 2163 et
1238 2104 1364 2184 primum

373 2195 438 2268 est,
474 2188 557 2270 quod
578 2189 710 2249 civitatis
731 2205 837 2265 aures,
873 2187 982 2266 quibus
1006 2205 1215 2266 assueveram‚
1243 2205 1363 2267 quaero,

374 2279 407 2333 et
420 2272 529 2334 videor
548 2273 622 2333 mibi
642 2273 677 2332 in
697 2271 796 2333 alieno
816 2272 886 2331 foro
900 2269 1035 2350 litigare.
1072 2271 1106 2331 Si
1121 2270 1196 2351 qnid
1212 2278 1262 2333 est
1277 2272 1363 2347 enim,

332 2356 457 2437 loquod
481 2359 514 2417 in
540 2354 659 2417 libellis
684 2357 760 2417 meis
785 2353 924 2437 placeat,
954 2355 1080 2416 dictavit
1105 2354 1236 2418 auditor.
1282 2354 1365 2417 illam

372 2439 555 2501 iudiciorum
569 2437 788 2518 subtilitatem,
816 2437 896 2500 illud
916 2441 1113 2499 materiarum
1127 2440 1302 2519 ingenium,
1322 2438 1365 2501 bi-

372 2522 561 2602 bliothecas,
583 2524 720 2601 theatro,
743 2524 918 2600 convictus,
938 2524 972 2582 in
992 2524 1101 2602 quibus
1115 2518 1246 2585 studere}
1263 2542 1299 2586 se
1317 2541 1366 2584 vo·

371 2607 506 2688 luptates
534 2625 598 2666 non
621 2608 775 2684 sentiunt,
806 2604 847 2666 sd
869 2625 1015 2667 summam
1035 2608 1168 2668 omnium
1187 2606 1259 2686 illa,
1292 2623 1366 2688 quaa

373 2690 498 2751 delicati
513 2689 713 2771 reliquimus,
736 2688 945 2750 desideramus
961 2692 1046 2771 quasi
1060 2691 1210 2752 destituti.
1238 2688 1367 2755 Accedit

331 2777 420 2839 15hir
434 2775 661 2854 municipalium
674 2776 783 2854 rubigo
804 2772 943 2835 dentium
962 2782 996 2837 et
1011 2775 1106 2837 iudici
1124 2774 1194 2837 loco
1211 2772 1310 2855 livor,
1337 2780 1367 2835 et

371 2878 450 2919 unus
466 2866 518 2920 aut
532 2858 613 2919 ulter
626 2860 715 2939 mali,
735 2861 769 2919 in
783 2857 898 2939 pusillo
913 2857 983 2919 loco
998 2859 1103 2936 multi;
1123 2859 1271 2921 adversus
1287 2856 1366 2941 quod

372 2942 502 3004 difficile
517 2945 690 3004 esthabere
705 2943 820 3004 cotidie
834 2944 948 3004 bonum
961 2944 1157 3005 stomachum.
1184 2944 1232 3005 Ne
1245 2944 1366 3005 mireris

371 3028 466 3106 igitur
481 3028 600 3088 abiectu
609 3030 646 3088 ab
656 3028 836 3108 indignante
847 3046 924 3109 quae
938 3048 954 3088 a
967 3029 1120 3108 gestiente
1129 3028 1201 3088 fieri
1214 3026 1365 3089 solebant.

372 3112 419 3174 Ne
446 3112 521 3194 quid
545 3119 648 3173 tamen
671 3119 704 3174 et
730 3112 907 3174 advenienti
930 3113 988 3174 tibi
1008 3114 1044 3174 ab
1074 3113 1152 3174 urbe
1173 3118 1207 3173 et
1232 3109 1366 3191 exigenti

331 3206 533 3276 tonegarem,
547 3231 591 3244 —
604 3198 652 3258 cui
663 3217 726 3257 non
739 3197 846 3258 reiero
862 3198 1005 3276 gratiam,
1021 3198 1047 3259 si
1061 3202 1179 3258 tantum
1194 3215 1233 3257 ea
1242 3201 1365 3278 praesto

373 3301 592 3363 quaepossum,
601 3283 794 3362 -imperasi
806 3283 892 3360 mibi,
907 3282 989 3361 quod
1000 3279 1163 3359 indulgere
1171 3299 1365 3353 cooneratus

372 3372 406 3427 et
420 3366 523 3427 studui
534 3367 723 3446 paucissimis
739 3366 863 3445 diebus,
879 3372 914 3426 ut
924 3364 1176 3426 familiarissimas
1190 3366 1267 3426 mibi
1279 3380 1365 3426 aures

372 3454 440 3509 tuas
455 3452 631 3529 exciperem
641 3449 826 3513 adventoria
840 3468 903 3510 sua.
938 3451 989 3510 Tu
1002 3449 1093 3511 velim
1107 3451 1182 3527 ista,
1205 3468 1285 3529 quaa
1300 3456 1364 3512 tau·

370 3539 436 3593 tum
459 3533 539 3614 apud
559 3538 591 3595 te
611 3554 673 3594 uon
694 3533 928 3615 periclitantur,
962 3533 1129 3612 diligenter
1149 3535 1314 3596 aestimare
1335 3535 1365 3593 et

328 3625 363 3678 25
371 3624 516 3678 excutere
529 3637 591 3678 non
606 3621 758 3698 graveris3
780 3625 830 3698 et,
844 3617 927 3699 quod
941 3620 999 3680 tibi
1014 3615 1230 3679 difficillimum
1247 3624 1314 3696 est,
1328 3616 1364 3677 de

370 3703 460 3779 nugis
480 3703 596 3762 nostris
615 3702 734 3764 iudicor
754 3704 858 3764 nitore
878 3705 1030 3784 reposito,
1056 3721 1098 3763 ne
1111 3703 1256 3783 Romam,
1278 3702 1365 3764 nit·

371 3782 565 3867 decreveris,
591 3806 655 3847 non
667 3788 905 3870 Hispaniensem
917 3788 1088 3868 mittamus,
1115 3784 1173 3849 sed
1187 3786 1362 3870 Hispanum
