3267 4409
420 508 423 513 .
530 445 874 508 EPIGRAMMATON
886 445 961 512 ΗΒ.
979 446 1057 512 VIII.
1253 447 1315 514 177

353 593 424 655 Nou
440 600 510 654 sunt
525 594 603 654 haec
617 595 789 675 hominum,
811 594 1012 675 Germanice,
1037 595 1146 676 gaudia
1159 604 1294 679 tantum,

399 677 464 738 Sed
477 678 595 738 faciunt
609 681 669 758 ipsi
683 699 780 758 nunc,
801 687 894 761 puto,
916 699 1002 741 sacra
1017 680 1077 745 del.

774 808 812 875 V.

354 930 434 990 Dum
451 926 562 1005 donas,
584 927 708 1004 Macer,
732 926 838 989 anulos
853 927 982 1009 puellis,

353 1014 488 1090 DesIstI,
511 1012 634 1088 Macer,
657 1009 764 1072 anulos
779 1012 906 1074 habere.
1019 1091 1023 1102 ¹

769 1146 821 1209 Vl.

353 1258 543 1337 Archetypis
557 1255 653 1317 vetuli
665 1258 744 1318 nihil
758 1264 806 1318 est
823 1257 958 1319 odiosius
972 1259 1065 1320 Eucti

397 1376 441 1390 —-
454 1343 544 1402 Ficta
559 1341 726 1420 SaguntIno
742 1344 861 1421 cymbia
876 1342 956 1403 malo
970 1343 1035 1404 luto
1050 1378 1109 1424 -,

353 1428 487 1507 Argenti
501 1426 620 1485 fumosa
634 1428 680 1485 sui
695 1447 764 1486 cum
778 1432 939 1487 stemmata
954 1436 1060 1490 narrat

398 1508 549 1572 Garrulus
565 1517 598 1570 et
611 1512 714 1570 verbis
727 1511 848 1575 mucida
862 1512 931 1572 vina
946 1512 1031 1572 facit.

331 1595 630 1675 5„Laomedonteae
644 1595 770 1655 fucrant
783 1595 860 1656 haec
875 1594 986 1676 pocula
1000 1616 1140 1659 mensae:
1171 1648 1173 1650 ,

397 1680 512 1741 Ferret
525 1685 560 1738 ut
572 1679 668 1757 haec,
688 1699 791 1739 muros
807 1681 920 1740 struxIt
933 1678 1045 1760 Apollo
1059 1680 1138 1761 lyra.

354 1765 424 1825 Hoc
442 1769 564 1824 cratero
578 1763 668 1824 ferox
683 1764 835 1824 commisit
848 1764 965 1844 proelia
979 1765 1122 1827 Rhoecus

399 1850 476 1910 Cum
493 1848 648 1927 Lapithis:
670 1867 771 1928 pugna
786 1846 890 1908 debile
906 1851 1007 1908 cernis
1024 1870 1109 1930 opus.

354 1933 397 1994 Hi
413 1932 473 1992 duo
487 1930 638 2009 longaevo
657 1938 825 1992 censentur
838 1933 972 1993 Nestore
985 1933 1089 1994 fundi:

314 2027 349 2082 10
397 2015 517 2078 Pollice
533 2015 572 2075 de
587 2013 676 2095 Pylio
691 2017 767 2085 trita
784 2015 923 2076 columba
937 2019 1026 2078 nltet.

355 2103 416 2163 Hic
430 2102 564 2180 scyphus
579 2109 643 2177 est,
665 2101 697 2158 in
713 2120 773 2178 quo
788 2101 913 2160 misceri
925 2102 1015 2160 iussit
1031 2104 1135 2162 amicis

311 2187 320 2204 ⁰
371 2208 373 2211 ·
398 2187 527 2264 Largius
542 2183 694 2245 Aeacides
708 2184 901 2263 vividiusque
915 2202 1042 2246 merum.

356 2272 423 2332 Hac
436 2269 612 2349 propInavit
627 2269 726 2327 BItiae
742 2265 952 2348 pulcherrima
963 2268 1044 2329 Dido
1244 2331 1250 2341 ,

323 2358 328 2369 ’
397 2355 432 2414 ln
445 2362 568 2434 patera,
590 2352 725 2431 Phrygio
741 2372 808 2412 cum
825 2351 896 2412 data
909 2372 985 2413 cena
998 2355 1064 2414 viro
1083 2352 1162 2414 est.“

318 2439 487 2501 15Miratus
502 2438 600 2497 fucris
616 2456 683 2496 cum
700 2438 988 2518 priscatoreumata
1002 2436 1148 2517 multum,

396 2524 432 2584 ln
444 2522 559 2582 Priami
575 2519 704 2582 calathis
717 2522 903 2600 Astyanacta
917 2522 1015 2583 bibes.

754 2660 828 2735 'Vll

356 2788 424 2848 Hoc
439 2806 532 2866 agere
552 2795 601 2848 est
614 2806 736 2865 causas,
757 2788 817 2847 hoc
834 2786 956 2866 dicere,
980 2787 1095 2867 Cinna,
1118 2787 1252 2867 diserte,

394 2872 507 2949 Horis,
531 2873 644 2950 Cinna,
662 2871 769 2931 decem
786 2869 892 2932 dicere
906 2871 1001 2932 verba
1014 2873 1145 2932 novem?
1294 2867 1304 2877 ’

357 2955 420 3018 Sed
434 2955 525 3016 modo
541 2955 721 3035 clepsydras
738 2957 858 3033 ingenti
871 2963 947 3016 'voce
961 2957 1069 3036 petisti

401 3042 563 3118 Quattuor.
595 3041 798 3119 Oquantum,
822 3040 937 3119 Cinna,
957 3045 1063 3101 tacere
1076 3039 1183 3121 potes!

757 3174 835 3238 VIII.

355 3287 546 3367 Principium
562 3286 635 3366 des,
657 3288 744 3365 Iane,
765 3284 842 3346 licet
855 3284 1011 3346 velocibus
1027 3287 1130 3365 annis,

396 3373 439 3433 Et
452 3391 585 3432 renoves
599 3370 684 3432 voltu
697 3367 821 3431 saecula
834 3370 925 3449 longa
939 3376 1012 3446 tuo;

356 3455 404 3517 Te
419 3458 551 3536 primum
567 3458 618 3536 pia
631 3462 702 3516 tura
715 3461 844 3534 rogent,
867 3462 900 3514 te
914 3460 984 3515 vota
999 3451 1149 3532 salutent,

356 3577 359 3580 <
396 3541 539 3620 Purpura
552 3546 585 3600 te
599 3538 692 3618 felix,
714 3546 746 3600 te
762 3537 845 3599 colat
859 3539 956 3599 omnis
972 3540 1086 3599 honos:

337 3623 408 3686 5Tu
422 3630 526 3685 tamen
539 3625 600 3684 hoc
615 3625 725 3702 mavis,
744 3624 853 3684 Latiae
872 3622 955 3703 quod
970 3623 1101 3701 contigit
1114 3621 1200 3701 urbi,

397 3709 509 3770 Mense
524 3715 577 3770 tuo
595 3707 760 3790 reducem,
781 3707 871 3789 lane,
894 3707 1003 3771 videre
1018 3705 1136 3781 deum,

359 3792 463 3856 Maur.
847 3845 851 3851 .
1077 3782 1127 3860 ll.
