3267 4409
493 460 851 550 *EPIGRAMMATON
863 461 938 528 LlB.
954 463 1033 528 xlv.
1228 464 1289 537 341

602 653 735 745 CXCIV,
759 665 917 726 Lacotena.

329 768 410 828 Sunt
425 767 564 847 quidam,
588 768 639 846 qui
655 785 703 827 me
719 765 823 826 dicant
837 785 899 826 non
915 785 984 828 esse
997 771 1137 848 poetam:

373 850 437 912 Sed
452 853 504 930 qui
517 870 567 911 me
584 851 691 911 vendit
705 849 890 930 bibliopola,
911 857 1008 932 putat.

583 949 586 956 '
613 985 734 1050 cxcv.
759 985 914 1047 satutem.

328 1089 464 1150 Tantum
477 1105 584 1166 magna
599 1108 654 1148 auo
670 1088 765 1150 debet
778 1090 903 1151 Verona
918 1084 1059 1167 Catullo,

370 1174 523 1250 Quantum
536 1192 630 1251 parva
643 1192 698 1233 suo
712 1175 841 1234 Mantua
855 1171 1008 1250 Vergilio.

446 1305 578 1369 cxcvi.
605 1305 696 1367 Calai
708 1307 748 1368 de
761 1327 863 1389 aquae
872 1307 1011 1388 fngidoe
1026 1325 1096 1367 usu.

327 1406 415 1468 Haec
429 1407 488 1466 tibi
504 1425 582 1485 quae
598 1407 702 1468 fontes
716 1415 749 1468 et
763 1428 907 1486 aquarum
922 1408 1046 1468 nomina
1061 1406 1152 1485 dicit,

368 1492 437 1572 lpsa
456 1510 524 1550 suas
539 1489 650 1551 melius
668 1493 775 1552 charta
791 1495 918 1553 natabat
932 1511 1035 1572 aquas.

548 1623 696 1689 cxcvss.
718 1625 826 1688 Mulae
835 1600 985 1708 pumilae.

326 1728 384 1788 His
400 1727 457 1787 tibi
473 1725 513 1787 de
529 1727 620 1787 mulis
634 1748 697 1788 non
712 1735 761 1789 est
776 1725 942 1789 metuenda
958 1726 1063 1787 ruina:

369 1806 473 1872 Altius
491 1812 524 1870 iu
539 1820 624 1872 terra
639 1831 732 1894 saepe
747 1813 860 1875 sedere
874 1811 965 1872 soles.

506 1947 667 2009 cxcviii.
693 1947 819 2008 Catella
834 1947 1012 2008 Gallicana.

312 2042 459 2119 ⁸Delicias
473 2063 585 2124 parvae
600 2046 626 2104 si
640 2045 686 2103 vis
703 2044 810 2103 audire
825 2043 974 2120 catellae,

367 2128 513 2188 Narranti
528 2130 630 2189 brevis
646 2134 694 2187 est
706 2129 818 2207 pagina
831 2133 897 2188 tota
910 2127 995 2188 mihi.

613 2260 745 2322 CXCIX.
769 2262 915 2323 Asturco.

325 2350 503 2422 Hic'brevis
517 2358 556 2422 ad
571 2379 716 2422 numeros
730 2360 871 2441 rapidum
887 2362 939 2440 qul
954 2358 1073 2440 colligit
1086 2378 1235 2445 unguem,

369 2446 465 2507 Venit
479 2448 516 2505 ab
531 2447 675 2507 auriferis
690 2447 833 2524 gentibus
846 2447 941 2506 Astur
957 2464 1064 2526 equus.

579 2581 640 2642 CC.
667 2577 763 2641 Canta
776 2586 952 2663 vertragus.

325 2678 394 2737 Non
409 2676 485 2754 sibi,
510 2675 566 2737 sed
582 2676 706 2737 domino
720 2684 851 2742 venatur
864 2685 1025 2758 vertragus
1040 2695 1130 2759 acer,

369 2760 512 2822 illaesum
525 2762 665 2842 leporem
682 2763 734 2842 qui
747 2762 806 2823 tibi
824 2761 918 2822 dente
932 2762 1025 2824 ieret.

610 2896 686 2958 col.
708 2894 911 2956 Palaestrita.

324 2996 395 3057 Non
410 3013 476 3054 amo
494 2993 576 3072 quod
591 2996 706 3068 vincat,
728 2993 784 3052 sed
800 2991 884 3071 quoa
898 2995 1099 3056 succumbere
1112 2993 1199 3055 novit

309 3093 315 3110 “
367 3079 409 3139 llt
424 3077 533 3139 didicit
547 3077 656 3139 melius
672 3068 734 3156 τὴν
751 3067 1038 3161 ἄνᾳκλινοπάλην.)

646 3211 737 3273 ccli
758 3209 882 3271 Simius.

326 3307 466 3371 Callidus
481 3313 608 3373 emissus
622 3311 751 3371 eludere
767 3311 873 3370 simius
889 3310 1011 3389 hastas,
1092 3351 1103 3375 a

368 3396 401 3456 Si
416 3396 492 3455 mihi
507 3397 717 3473 condoleret,
741 3395 977 3474 cercopithecus
992 3412 1086 3456 eram.

553 3530 654 3592 cclii.
679 3529 791 3591 Puella
807 3529 986 3611 Gaditana„

326 3629 404 3691 'lam
418 3628 584 3690 tremulum
607 3632 733 3710 aristot,
755 3636 818 3689 tam
832 3628 979 3690 blandum
994 3629 1113 3711 prurit,
1133 3635 1169 3690 ut
1182 3627 1281 3712 ipsum

366 3715 630 3778 Masturbatorem
642 3715 757 3777 fecerit
769 3713 981 3796 Hippolytum.
