3267 4409
692 445 900 496 PRAEFATIO.
1198 448 1288 498 xm

312 589 411 647 Iahnius
424 589 502 646 lusson
513 590 622 661 scripsit,
638 590 715 647 tuitus
731 606 785 646 snm
795 591 886 646 Vindio.
898 606 923 662 p.
936 593 983 653 14;
994 591 1080 647 codem
1089 607 1147 648 vero
1157 598 1256 648 auctore
1264 609 1287 654 r.

313 680 366 737 106
375 675 547 747 scocenntpro
565 676 657 730 luceant
672 675 774 730 libenter
790 676 914 745 rescripsi,
933 690 980 730 nec
996 691 1018 730 u.
1029 679 1184 735 118-121
1200 679 1289 734 rectius

312 759 407 814 consuli
417 759 543 814 arbitratus
556 774 619 825 sum,
630 774 702 830 quam
712 767 740 814 ut
755 766 848 814 seruato
860 759 944 829 optimi
955 759 1045 814 codicis
1055 758 1137 813 ordine
1147 760 1221 827 lahnii
1232 777 1289 817 oon·

312 844 430 898 iecturam
440 843 535 898 tuntoel
543 859 587 913 pro
597 850 711 908 moueat,
731 843 876 898 Lachmanni
893 843 994 898 muccis
1005 858 1047 913 pro
1058 842 1287 915 accredideram,

312 941 458 998 quamquam
469 927 499 981 de
508 928 605 998 reliquis
615 942 645 981 ne
655 927 679 981 bi
690 927 786 998 quidem
796 928 866 997 plano
883 926 942 982 mihi
952 927 1126 987 satisfecerunt.
1154 926 1205 983 Nec
1215 935 1287 996 certa

312 1010 378 1082 qrrod
394 1026 420 1064 v.
434 1016 483 1068 121
495 1026 526 1065 ex
536 1012 615 1080 priore
625 1010 688 1066 Pitb.
700 1026 772 1066 manu
788 1012 951 1072 retinuerunt.
968 1011 1016 1066 iam
1026 1010 1097 1066 huius
1107 1014 1290 1069 correctorium

311 1109 358 1150 suo
374 1095 398 1148 in
409 1111 465 1148 cmc
481 1101 587 1150 mutasse
602 1095 708 1160 videtin,
725 1111 773 1166 quo
792 1095 890 1150 demum
908 1095 971 1150 lacto
990 1096 1053 1150 iusta
1069 1110 1125 1150 oum
1136 1098 1289 1166 sequentibus

312 1179 423 1233 iunctura
434 1192 477 1248 per
487 1179 653 1250 gradationem
664 1180 776 1242 struitur;
787 1194 865 1250 neque
875 1185 902 1234 ut
912 1180 941 1234 ad
951 1196 1008 1234 coco
1017 1181 1107 1235 referre
1116 1181 1194 1252 magis
1205 1180 1288 1236 dubito

312 1276 385 1333 quiam
396 1261 480 1316 Cicero
497 1262 614 1317 dubitavit
624 1261 695 1318 Ollio.
711 1263 732 1316 Ι.
744 1267 778 1321 39
789 1263 876 1335 aliique
887 1264 950 1333 apud
960 1258 1037 1318 Periz'.
1049 1263 1079 1321 ad
1095 1262 1176 1319 Sanot.
1189 1279 1214 1333 p.
1228 1268 1286 1332 985,

311 1345 400 1417 quibus
416 1345 477 1400 adde
492 1347 613 1402 comicum
627 1347 690 1416 apud
706 1345 797 1402 Charis.
815 1361 841 1416 p.
858 1350 926 1411 2463
943 1348 1038 1417 spurios
1054 1353 1135 1403 autem
1151 1348 1288 1420 priusquam

310 1429 423 1500 singulos
435 1444 518 1485 versus
536 1430 653 1495 iudicem,
670 1431 745 1486 totius
761 1431 809 1486 loci
827 1438 936 1486 tenorem
951 1433 975 1486 in
988 1431 1185 1501 disceptationem
1195 1448 1287 1498 vocem,

311 1527 384 1585 quem
396 1514 432 1567 sic
441 1515 545 1569 maxime
553 1515 639 1569 vellem
649 1516 711 1584 apud
721 1516 848 1585 probatum
858 1520 945 1569 usum
954 1514 1071 1586 scriptum
1080 1516 1193 1573 inveniri:

396 1596 485 1652 idcirco
507 1605 535 1654 ut
555 1598 651 1671 linquas
668 1605 812 1654 matamoro
828 1599 999 1670 compiniaco

393 1682 490 1751 possim·
509 1683 768 1757 lioquomoliamnque
777 1689 880 1754 estpars
888 1684 994 1755 peccam
1003 1680 1075 1739 sont

309 1763 339 1819 V.
352 1767 405 1822 143
414 1764 491 1820 locuto
501 1767 610 1832 codices,
626 1767 726 1822 boolton
743 1767 839 1822 labnius
851 1782 872 1822 c.
885 1766 1033 1831 Heinriohio‚
1050 1766 1137 1823 blanda
1146 1768 1234 1837 specie,
1246 1769 1289 1823 sed

308 1853 407 1927 practer
414 1851 596 1918 necessitatem,
608 1866 682 1922 quum
693 1851 803 1906 lecticam
814 1852 887 1905 otiam
898 1851 1000 1907 conduci
1009 1851 1105 1906 solitam
1120 1866 1174 1906 esse
1183 1851 1223 1905 vl.
1236 1854 1287 1908 352

308 1933 435 2004 legandum
445 1948 524 2005 neque
534 1934 592 1990 illud
602 1934 695 1999 obstat,
707 1935 769 2006 quod
780 1935 900 1990 Naevolus
910 1950 968 1989 mox
982 1936 1125 1990 caelatorem
1135 1940 1160 1989 et
1171 1935 1287 2005 pictorem

309 2016 457 2086 domesticos
474 2017 562 2072 habere
578 2019 657 2088 cunin
677 2018 782 2072 hienim
799 2018 923 2073 dominum
940 2019 1007 2072 alunt
1019 2018 1100 2087 potius
1118 2033 1190 2088 quam
1207 2019 1236 2073 ab
1246 2019 1287 2073 illo

309 2101 418 2165 aluntur,
438 2101 552 2156 lecticarii
568 2102 645 2157 multo
661 2102 754 2157 minore
770 2102 879 2171 impensa
895 2101 1063 2157 conducuntur
1076 2116 1149 2172 quam
1164 2101 1229 2157 domi
1247 2117 1288 2172 pa·

308 2189 419 2240 scuntur.
731 2212 733 2217 ·

394 2267 447 2336 Lib.
458 2266 498 2324 IV.
510 2265 561 2323 Sat.
571 2267 602 2323 Χ.
613 2284 636 2323 u.
645 2271 679 2327 55
693 2268 756 2339 quod
765 2269 873 2324 incerare
883 2282 940 2323 cum
949 2267 1023 2333 libris,
1038 2282 1087 2324 non
1100 2283 1157 2323 cum
1167 2267 1287 2341 iladvigio

309 2351 423 2407 etlabnio
430 2352 534 2409 idomate
543 2354 635 2423 scripsi,
645 2353 737 2410 vindic.
744 2369 770 2422 p.
779 2356 812 2410 16
821 2352 928 2422 pluribus
937 2352 1083 2407 vindicatum
1089 2359 1139 2415 θεῖς
1151 2351 1288 2426 ibidemque

308 2451 334 2492 u.
345 2439 398 2494 240
407 2437 577 2507 simproniani
590 2443 615 2492 et
624 2453 647 2492 v.
659 2441 710 2495 365
721 2435 785 2492 obest
795 2451 839 2506 pro
849 2435 920 2492 tcto
930 2436 1055 2492 Pithoeani
1070 2443 1137 2492 certe
1146 2437 1289 2496 auctoritato

308 2519 422 2583 deiendl;
434 2521 537 2576 eundem
550 2528 630 2576 tamen
637 2528 665 2576 ut
670 2537 693 2576 v.
700 2523 735 2579 70
744 2519 864 2577 irtdt'dbus
874 2526 916 2576 aut
925 2536 949 2577 v.
956 2523 991 2580 93
1001 2528 1102 2593 occulo
1112 2521 1239 2579 scribendo
1250 2539 1288 2579 so·

308 2619 404 2676 queror,
415 2619 446 2660 ne
451 2604 526 2660 labnii
532 2605 629 2677 quidem
634 2606 771 2676 exemplum
777 2606 859 2671 morit
872 2620 948 2661 nect.
957 2607 1007 2664 nrt
1015 2606 1147 2679 incorpore
1157 2609 1289 2667 autumno

307 2688 404 2760 reptdao
414 2688 472 2743 bulo
482 2690 733 2750 concedendumduxi.
751 2689 923 2746 Proindioc‘bst
933 2691 981 2745 iam
989 2691 1289 2747 secundamnnusiodicicc

308 2773 421 2838 restitnit,
433 2788 479 2828 nec
488 2774 559 2828 facile
569 2774 698 2846 intelligas,
713 2775 835 2846 quomodo
842 2775 934 2830 delator
944 2775 1004 2829 allos
1012 2780 1134 2844 praeterea
1144 2775 1238 2830 lodices
1247 2776 1288 2830 ad·

307 2856 404 2922 hbeat,
421 2858 462 2928 qui
479 2874 528 2913 non
543 2872 602 2914 mox
617 2857 710 2912 lemborc
725 2859 823 2913 nomina
839 2857 1084 2929 comprehendantur;
1100 2857 1193 2914 iudico
1208 2864 1289 2913 autem

308 2956 367 2996 oum
377 2940 474 2996 tostillo
484 2943 566 2997 innota
583 2942 631 2997 duo
645 2942 686 2997 illa
704 2941 872 3012 probationum
887 2955 977 3012 genera
990 2941 1113 3006 referunt,
1126 2955 1187 3013 quae
1197 2947 1289 2997 ueteres

307 3018 435 3092 ἔντέχνου
447 3033 471 3081 ot
479 3019 594 3094 ἀτέχνου
605 3019 760 3086 πιστώσεωε
770 3025 894 3082 vocabulis
906 3025 1089 3097 descripserunt,
1101 3026 1226 3096 multoque
1233 3040 1289 3096 pro-

308 3109 395 3164 clivior
404 3124 419 3163 a
427 3109 511 3184 quibo
522 3111 552 3166 ad
561 3109 680 3167 iudicibus
695 3110 776 3180 lapsus
787 3110 846 3176 init,
864 3126 937 3182 quam
952 3109 1076 3165 librarum
1085 3109 1116 3164 ab
1126 3107 1245 3164 indicibus
1259 3110 1290 3164 ad

308 3194 409 3250 doctum
424 3194 483 3250 illud
498 3195 640 3251 indiciorum
656 3194 784 3250 discrimen
800 3193 922 3250 aberrasse
936 3199 1124 3259 consentaneum
1139 3192 1179 3248 sit.
1214 3192 1242 3250 V.
1254 3197 1290 3252 93

307 3285 434 3350 monetam
444 3277 589 3348 Caprearum
605 3293 690 3348 rupem
701 3278 742 3350 qui
752 3279 912 3350 scripserunt,
928 3278 1030 3335 ironiam
1042 3282 1205 3348 mutaverunt,
1217 3291 1289 3348 quam

308 3368 391 3418 tamen
407 3377 485 3433 neque
501 3363 526 3417 in
541 3363 626 3419 tutoris
635 3363 753 3419 uocabulo
767 3363 885 3434 ncquein
902 3377 974 3434 oreos
984 3359 1103 3419 Gduldoeo
1118 3361 1288 3432 agnoscimus;

308 3446 400 3524 exiguo
409 3446 486 3518 igitur
495 3448 629 3503 mutatione
639 3461 696 3503 cum
702 3445 825 3516 Rupertio‚
840 3445 1100 3510 Heinricbio‚Webero
1109 3451 1289 3517 mmotnprao-

307 3530 370 3594 tuli,
390 3531 454 3602 quod
474 3531 546 3586 etiam
562 3532 615 3586 sine
625 3531 757 3586 multorum
772 3531 883 3586 codicum
899 3529 1037 3586 adiumento
1048 3529 1186 3584 coniectura
1196 3529 1289 3602 amequi

307 3613 412 3677 dicebam
427 3614 559 3686 eademqne
568 3629 640 3697 causa
650 3621 688 3669 est
696 3629 720 3670 v.
732 3618 792 3680 217,
803 3615 845 3670 ubi
855 3614 883 3670 io
892 3620 949 3686 post
957 3614 1006 3670 imru
1015 3613 1087 3670 simili
1098 3613 1150 3669 eius
1160 3614 1235 3703 erryi
1245 3613 1287 3670 tri·
1374 3611 1380 3623 ’

308 3697 372 3763 bno,
384 3699 425 3770 qni
434 3700 507 3754 eliam
517 3714 540 3755 r.
553 3703 594 3757 36.
606 3697 640 3755 37
651 3703 848 3769 postproetorem
858 3697 1013 3755 etmlblimm
1022 3698 1290 3770 pmepositioncmper·

308 3796 394 3855 paam
405 3782 515 3847 intrusit;
525 3783 605 3840 solum
616 3789 683 3839 certe
688 3782 820 3840 ablativum
831 3783 856 3840 in
870 3784 924 3858 nari
932 3777 1311 3841 mmummmumsnosux.
