3267 4409
364 482 405 542 70
702 493 738 541 D.
758 494 830 542 Iun.
853 493 1038 544 IUVENALIS

364 634 502 711 Goneris,
525 634 602 694 iacet
624 634 746 711 exiguus
769 651 833 694 cum
852 635 960 696 ramice
980 651 1086 694 nervus
1168 705 1174 716 ,
1202 640 1207 653 “
1291 647 1343 700 205

362 721 415 796 Ει,
445 721 573 797 quamvis
597 726 656 778 tota
678 717 814 797 palpetur
836 728 939 796 nocte,
964 717 1081 779 iacebit.

363 805 446 865 Anne
469 803 575 881 aliquid
595 820 717 881 sperare
739 811 838 881 potest
859 803 934 864 haec
954 798 1077 880 inguinis
1099 802 1181 880 aegri

364 885 510 949 Canities?
539 887 607 964 quid
631 885 708 965 quod
731 887 833 946 merito
856 895 992 965 suspecta
1012 886 1102 948 libido
1125 895 1181 962 est,

363 973 446 1047 Quae
466 969 612 1030 Venerem
637 971 753 1031 allectat
775 971 838 1030 sinc
860 967 990 1031 viribus?
1008 969 1115 1049 Aspice
1137 971 1227 1049 partis

362 1055 445 1116 Nunc
468 1054 599 1115 damnum
620 1053 755 1122 alterius;
778 1073 844 1114 nam
866 1074 940 1135 quae
962 1064 1095 1116 cantante
1118 1055 1264 1135 voluptas,
1291 1066 1344 1119 210

363 1141 407 1202 Sit
430 1140 499 1215 licet
520 1139 658 1215 eximius,
677 1139 866 1215 citharoedo,
890 1141 964 1199 sitve
984 1139 1139 1217 Seleucus,

361 1225 399 1285 Et
422 1222 525 1302 quihus
546 1231 645 1282 aurata
664 1240 727 1282 mos
750 1231 795 1282 est
818 1222 933 1300 iulgere
955 1221 1093 1284 lacerna?

363 1308 437 1383 Quid
459 1306 566 1383 refert,
589 1306 684 1384 magni
706 1305 885 1386 sedeatque
909 1316 991 1386 parte
1017 1307 1132 1384 theatri,

362 1392 419 1466 Qui
441 1392 491 1450 vix
513 1391 678 1451 cornicines
700 1390 836 1450 exaudiet
860 1401 945 1471 atque
972 1389 1103 1451 tubarum

363 1471 549 1535 Consentes?
575 1473 703 1535 clamore
727 1490 802 1553 opus
825 1484 886 1552 est,
911 1474 945 1534 ut'
963 1471 1066 1535 ‘sentiat
1087 1475 1174 1554 auris,
1292 1486 1343 1540 215

362 1559 455 1633 Quem
482 1559 559 1619 dicat
578 1559 696 1617 venisse
720 1576 809 1636 puer,
833 1567 904 1637 quot
924 1560 1035 1619 nuntiet
1056 1558 1154 1621 horas.

361 1643 517 1703 Praeterea
540 1642 668 1701 minimus
691 1641 789 1718 gelido
813 1643 868 1701 iam
890 1660 1016 1721 corpore
1040 1644 1157 1722 sanguis

361 1726 457 1787 Febre
481 1725 559 1785 calet
582 1724 660 1784 sola:
685 1725 853 1786 circumsilit
876 1728 990 1804 agmine
1012 1726 1090 1787 iacto

360 1809 528 1871 Morborum
552 1825 636 1868 omne
656 1825 764 1886 genum
795 1825 916 1886 quorum
939 1811 963 1869 si
987 1811 1101 1871 uomina
1123 1828 1259 1890 quaeras,

361 1894 523 1971 Promptius
548 1892 716 1972 expediam,
740 1902 811 1973 quot
833 1894 970 1954 amaverit
991 1893 1085 1973 Oppia
1107 1896 1259 1977 moechos,
1292 1909 1345 1961 220

362 1978 440 2053 Quot
462 1978 618 2038 Themison
642 1994 750 2054 aegros
770 1985 903 2037 autumno
926 1977 1069 2038 occiderit
1092 1997 1161 2057 uno,

362 2063 439 2138 Quot
462 2061 574 2123 Basilus
595 2061 711 2138 socios,
734 2070 806 2140 quot
829 2062 1090 2142 circumscripserit
1110 2063 1210 2125 Hirrus

360 2146 505 2224 Pupillos,
530 2155 600 2224 quot
625 2146 713 2222 longa
737 2146 817 2206 uiros
840 2146 998 2207 exsorbeat
1025 2164 1080 2208 uuo

359 2229 459 2291 lliaura
483 2230 546 2305 dic,
569 2237 640 2311 quot
663 2229 823 2308 discipulos
844 2231 963 2292 inclinet
986 2230 1140 2301 llamillus3

360 2314 530 2375 Percurram
553 2315 654 2390 citius,
682 2323 752 2393 quot
772 2314 857 2375 villas
881 2314 1033 2394 possideat
1052 2334 1138 2391 nono,
1291 2325 1342 2379 225

361 2398 426 2473 Quo
450 2397 589 2458 tondente
611 2398 709 2475 gravis
730 2399 827 2473 iuveni
850 2400 917 2460 mihi
939 2398 1031 2460 barba
1057 2397 1187 2461 sonabat.

360 2479 414 2542 llle
439 2481 575 2558 humero,
600 2481 647 2542 hic
669 2480 960 2564 lumbis,·hic.coxa
983 2482 1102 2552 debilis;
1127 2481 1229 2542 ambos

360 2565 487 2626 Perdidit
511 2565 561 2624 ille
584 2564 688 2625 oculos
711 2574 740 2626 et
760 2565 850 2627 luscis
872 2567 995 2634 invidet3
1022 2564 1106 2625 huius

360 2648 471 2709 Pallida
493 2648 576 2709 labra
596 2648 690 2710 cibum
712 2651 857 2730 accipiunt
877 2650 973 2727 digitis
997 2649 1111 2725 alienis,

359 2732 427 2812 Ipse
450 2731 486 2794 ad
511 2741 700 2813 conspectum
722 2751 834 2795 coenae
857 2734 995 2795 diducere
1015 2733 1118 2793 rictum
1289 2741 1342 2798 230

360 2819 466 2879 Suetus
490 2816 549 2877 hiat
573 2826 698 2894 tantum,
721 2835 775 2879 ceu
798 2820 895 2898 pullus
917 2817 1091 2896 hirundinis,
1113 2814 1151 2879 ad
1172 2822 1279 2897 quem

360 2901 419 2962 Ore
439 2901 519 2962 volat
543 2901 632 2980 pleno
654 2909 746 2962 mater
770 2902 875 2964 ieiuna.
912 2903 971 2965 Sed
993 2903 1069 2963 omni

359 2984 554 3046 Membrorum
575 2985 677 3047 damno
699 2986 791 3047 maior
815 2987 975 3063 dementia,
1000 3004 1076 3067 quac
1093 3003 1151 3047 nec

358 3069 482 3130 Nomina
507 3088 658 3131 servorum
678 3087 735 3130 nec
755 3071 863 3132 uultum
888 3073 1020 3149 agnoscit
1037 3071 1131 3148 amici,

337 3179 340 3184 ·
361 3151 432 3214 Cum
453 3171 510 3235 quo
534 3154 691 3233 praeterita
713 3157 849 3215 coenavit
871 3165 975 3233 nocte,
999 3174 1054 3216 nec
1075 3155 1155 3232 illos,
1291 3164 1344 3218 235

361 3238 442 3313 Quos
464 3239 579 3316 gennit,
603 3255 677 3316 quos
699 3238 808 3298 eduxit.
841 3238 914 3300 Nam
937 3239 1039 3301 codice
1062 3255 1158 3301 saevo

359 3322 491 3384 Heredes
511 3331 590 3382 vetat
613 3339 680 3381 esse
704 3339 790 3399 suos,
812 3322 889 3382 hona
911 3331 971 3384 tota
994 3325 1124 3384 feruntur

360 3405 408 3468 Ad
431 3406 564 3475 Phialen;
591 3414 697 3466 tantum
719 3406 837 3467 artificis
858 3405 937 3466 valet
957 3407 1062 3468 halitus
1083 3409 1155 3485 oris,

360 3488 446 3562 Quod
471 3498 592 3550 steterat
610 3489 705 3551 multis
728 3491 757 3549 in
779 3507 900 3551 carcere
922 3489 1042 3551 fornicis
1065 3491 1154 3552 annis.

358 3571 398 3631 Ut
418 3573 536 3648 vigeant
561 3590 666 3632 sensus
692 3575 793 3651 animi,
823 3573 954 3634 ducenda
977 3582 1072 3634 tamen
1094 3575 1151 3634 sint
1291 3583 1344 3638 240

359 3653 474 3714 Funera
496 3664 644 3733 natorum,
667 3675 757 3734 rogus
779 3657 963 3736 aspiciendus
989 3667 1100 3718 amatae

361 3735 500 3816 Coniugis
522 3747 553 3800 et
574 3739 671 3800 fratris
698 3742 862 3821 plenaeque
886 3740 1037 3802 sororibus
1063 3759 1161 3803 urnac.
