3267 4409
328 473 392 538 350
602 472 727 535 mnus
746 471 1097 538 inflammaram

330 627 393 678 Cum
409 633 435 676 ta
451 625 604 690 municipem
619 623 805 676 Corinthiorum
824 660 1199 681 ............

331 696 392 747 Cum
409 704 434 746 te
450 710 500 745 nou
515 710 631 754 nossem,
648 696 779 745 dominum
794 710 933 760 regemque
946 695 1093 745 rodebam.
1120 731 1128 746 .
1154 732 1163 746 .
1190 733 1200 750 .
1287 735 1290 759 2

331 764 393 815 Cum
407 766 454 814 tibi
472 779 523 814 uon
541 763 656 829 Ephesos
671 779 718 813 nee
735 767 768 814 sit
785 765 890 814 Rhodos
906 762 1085 830 autdlityleue
1119 800 1127 815 .
1154 800 1162 814 .
1190 800 1200 819 .
1273 764 1290 817 i

330 833 392 884 Cum
407 834 454 883 tibi
471 848 522 883 nou
538 839 622 882 essent
636 847 682 882 sex
698 833 781 892 milia,
798 833 941 884 Caeciliana
950 866 1199 885 ........
1265 838 1290 887 ll

330 902 392 953 Cum
406 904 452 953 tibi
467 910 527 952 uota
542 903 579 950 tui
596 903 629 951 sit
646 903 698 952 vita
714 902 829 965 fidesque
844 903 930 953 mariti
951 936 1199 953 ........
1251 902 1290 955 Xl

329 970 391 1022 Cum
408 972 454 1022 tibi
469 972 503 1021 sit
516 971 595 1021 iacies
603 1006 612 1030 ,
626 971 658 1021 de
674 985 724 1032 qua
742 985 789 1020 neo
806 971 902 1021 lemine
914 972 998 1031 possit
1015 1005 1198 1023 ......
1256 974 1290 1024 Vl

329 1039 392 1091 Cum
410 1042 457 1090 tibi
471 1042 506 1090 sit
521 1039 626 1104 sophiae
641 1053 688 1106 par
704 1037 773 1088 lama
786 1046 810 1089 st
828 1040 1020 1091 oara'laborum
1053 1073 1199 1091 .....
1225 1092 1233 1107 ‚
1274 1042 1290 1101 L

328 1108 391 1159 Cum
405 1111 452 1160 tibi
466 1116 518 1159 tam
532 1123 633 1158 amasae
652 1108 717 1169 sint,
734 1110 908 1173 Artemidore,
922 1110 1037 1159 lacernae
1054 1142 1198 1160 .....
1244 1110 1290 1161 Vll

329 1178 392 1228 (lum
411 1180 458 1228 tibi
477 1178 580 1228 trecenti
596 1177 730 1238 consules,
745 1179 882 1228 Vetustilia
925 1204 1198 1229 .........
1263 1179 1290 1229 ll

330 1245 393 1297 Cum
408 1249 454 1296 tibi
469 1254 602 1297 vernarent
618 1247 696 1296 dubia
708 1247 829 1313 lanugine
847 1246 931 1298 malae
945 1280 1160 1296 .......
1189 1282 1199 1298 .
1239 1266 1245 1275 ·

330 1314 392 1366 Cum
406 1316 516 1366 traheret
529 1316 645 1375 Priscus,
658 1315 767 1367 traheret
783 1317 923 1367 certamina
936 1316 1019 1366 Verus
1052 1349 1198 1367 .....
1250 1316 1281 1368 Ε

329 1383 392 1435 Cum
410 1392 452 1445 tu,
469 1385 603 1450 laurigeris
617 1398 711 1433 annum
729 1387 772 1448 qui
789 1385 901 1436 fascibus
916 1387 996 1435 intras
1016 1419 1198 1436 ......
1274 1335 1290 1437 ί

329 1453 391 1503 Cum
408 1463 452 1503 tua
469 1461 588 1503 centenos
606 1462 734 1519 expugnet
752 1455 865 1519 sportula
881 1457 950 1507 aives
980 1486 1198 1505 .......
1220 1454 1290 1517 xm,

330 1521 392 1571 Gum
407 1530 451 1571 tua
467 1537 518 1572 non
535 1523 613 1582 edas,
633 1525 715 1588 sarpis
728 1537 784 1572 mea
797 1525 923 1585 carmina,
941 1522 1014 1572 Laeli
1048 1556 1198 1574 .....

330 1589 392 1640 Cum
408 1598 450 1640 tua
466 1591 606 1655 sacrilegos
621 1601 723 1652 eontra,
739 1592 870 1656 Norbana,
889 1594 988 1643 inrores
1014 1625 1197 1642 ......
1265 1594 1290 1643 Π

330 1657 392 1709 Cum
411 1675 486 1709 vocer
502 1660 534 1709 ad
548 1674 635 1709 cenam
654 1675 703 1710 non
723 1661 773 1710 iam
786 1661 883 1711 venalis
900 1669 928 1710 ut
944 1668 1003 1710 aute
1015 1694 1198 1711 ......
1271 1662 1290 1713 l]

329 1726 392 1777 Cum
407 1743 469 1777 roco
483 1738 508 1778 te
522 1729 664 1790 dominum,
685 1729 737 1778 noli
755 1731 816 1788 tibi,
833 1729 927 1790 Cinna,
943 1729 1045 1794 plaeere
1082 1763 1090 1778 .
1118 1764 1126 1778 .
1153 1763 1161 1778 .
1190 1765 1197 1779 .
1280 1732 1290 1765 l

317 1795 460 1848 -Gunarum
479 1797 1001 1859 literasmotor,0harideme,mearum.
1023 1834 1030 1849 .
1052 1832 1060 1847 .
1087 1833 1095 1847 .
1121 1833 1128 1848 .
1154 1833 1161 1847 ·
1189 1832 1198 1849 .
1266 1798 1290 1851 X

330 1863 379 1916 Cur
392 1881 407 1914 a
425 1872 450 1915 te
466 1867 573 1930 pretium
586 1866 685 1927 Danae,
705 1876 824 1932 regnator
836 1867 936 1934 Olympi
953 1902 1198 1918 ........
1219 1867 1290 1929 xiv,

331 1933 380 1984 Gur
394 1935 456 1985 here
475 1935 544 1998 quod
560 1936 681 1996 dederas,
696 1937 786 1994 hodie,
803 1951 868 2001 puer
881 1937 969 2004 Hylle,
988 1936 1089 2002 negasti
1121 1972 1128 1985 .
1154 1970 1162 1983 .
1190 1972 1197 1986 .
1280 1938 1290 1987 i

329 2001 380 2052 Cur
393 2018 445 2053 non
457 2005 529 2053 basio
543 2012 582 2064 te,
600 2004 732 2054 Philaeni?
751 2005 822 2055 salva
840 2021 868 2056 es
881 2039 1197 2056 ..........
1277 2008 1290 2057 l

331 2070 383 2121 Gur
399 2088 451 2122 nou
465 2074 538 2121 mitto
554 2088 625 2123 meos
643 2075 702 2135 tibi,
721 2073 876 2136 Pontiliane,
891 2074 1008 2125 libellosi
1019 2108 1197 2125 ......
1263 2076 1290 2125 V

332 2138 382 2189 Gur
399 2155 476 2206 saepe
490 2142 550 2191 sisoi
565 2157 645 2206 parva
660 2158 719 2192 rura
729 2143 848 2195 Nomenti
884 2177 1197 2195 ..........
1254 2144 1290 2195 X]

331 2208 381 2259 Gur
394 2210 518 2276 spleniato
536 2225 614 2276 saepe
631 2212 853 2276 prodeammento
885 2245 1197 2263 ..........
1270 2213 1290 2265 1

331 2277 381 2327 Cur
393 2286 492 2331 tantum
505 2280 633 2330 eunuchos
649 2282 741 2330 habeat
753 2289 798 2330 tua
812 2280 912 2343 Caelia,
927 2282 1029 2345 quaeris
1051 2314 1196 2331 .....
1259 2280 1290 2333 Vl

331 2346 381 2397 Gur
394 2349 534 2398 tristiorem
547 2351 672 2399 demimus
689 2348 834 2400 Saleianum
845 2383 1197 2402 ...........
1277 2352 1289 2401 1

331 2415 473 2466 curandum
489 2432 579 2481 penem
595 2419 719 2469 commisit
731 2419 842 2469 Baccara
858 2419 954 2469 Raetus
993 2452 1196 2468 .......
1258 2416 1290 2469 Xl

330 2483 437 2534 Currant
453 2488 529 2536 verba
548 2486 618 2551 iicet,
636 2502 727 2538 manus
745 2496 783 2537 est
798 2487 911 2538 veioeior
922 2488 973 2538 iilis
1017 2522 1196 2538 ......
1218 2486 1290 2551 xiv,

330 2552 464 2603 Cursorem
482 2562 554 2604 sexta
566 2557 628 2617 tibi,
644 2556 723 2617 Ruis,
742 2557 886 2607 remisimus
899 2556 963 2607 hora
987 2590 1196 2607 .......
1244 2558 1290 2617 111.

330 2620 454 2672 Custodes
470 2624 529 2684 das,
547 2624 632 2684 Polla,
646 2628 714 2685 viro,
730 2640 781 2675 non
794 2627 889 2691 aooipis
902 2627 959 2690 ipsa
985 2659 1196 2676 .......
1237 2686 1242 2693 Ι
1271 2624 1290 2675 it

330 2689 445 2757 Cyllenes
461 2693 574 2755 caelique
588 2694 680 2756 decus,
698 2694 808 2744 iocunda
825 2696 940 2745 minister
950 2727 1198 2745 ........
1252 2694 1290 2745 vi

330 2758 554 2828 Cynthiaiaoundi
569 2778 671 2815 oarrneu
686 2762 803 2814 iuvenale
818 2765 933 2830 Properti
952 2796 1095 2814 .....
1103 2792 1127 2811 -·
1154 2798 1161 2812 ·
1188 2795 1196 2812 ι
1217 2760 1290 2827 xiv,

824 2915 863 2996 li.

328 3040 368 3089 Da
382 3040 482 3090 veniam
501 3037 606 3089 subitis:
625 3052 677 3089 nou
690 3039 851 3105 displicuisse
862 3045 973 3090 moratur
983 3074 1195 3091 ......
1251 3038 1290 3105 a,

327 3107 453 3169 Daedala,
471 3108 575 3158 Lucano
594 3123 652 3158 oum
669 3110 707 3159 sio
723 3109 842 3160 lacereris
855 3110 887 3158 ab
901 3123 961 3158 urso
981 3142 1194 3159 .......
1270 3108 1290 3157 d

328 3176 410 3227 Dante
422 3178 468 3227 tibi
480 3178 554 3226 turba
570 3178 704 3239 querulos,
722 3178 853 3244 Auguste,
867 3176 968 3228 libellos
979 3210 1195 3227 .......
1234 3176 1290 3229 vni

327 3243 433 3295 Dantem
450 3245 509 3295 vina
527 3252 598 3295 tuum
614 3247 730 3311 quotiens
743 3247 891 3312 aspeximus
905 3246 1004 3311 Hyllum
1017 3280 1195 3296 ......
1264 3244 1290 3297 Π

327 3310 494 3377 iiaphnouas,
512 3314 662 3379 platanonas
677 3323 701 3365 et
720 3317 802 3366 aerios
819 3316 936 3382 pityonas
952 3349 1194 3366 ........
1247 3312 1290 3366 xil

328 3380 380 3429 Das
394 3383 563 3448 gladiatores,
578 3392 690 3433 sutorum
708 3384 810 3450 regule,
829 3386 904 3434 oerdo
914 3418 1195 3434 .........
1261 3382 1290 3435 11]

327 3448 380 3498 Das
398 3467 539 3514 uunquam,
557 3468 657 3517 semper
671 3454 809 3518 promittis,
826 3452 910 3511 Galla,
928 3453 1029 3518 roganti
1050 3486 1194 3502 .....
1271 3452 1290 3503 il

276 3534 281 3542 ·
327 3516 380 3566 iias
394 3520 508 3581 Parthis,
525 3522 571 3570 das
586 3521 732 3584 Germanis,
748 3522 809 3579 das,
825 3521 922 3581 Caeli&
938 3520 1014 3571 Daois
1051 3554 1194 3574 .....
1244 3520 1290 3573 vll

327 3584 376 3635 Dat
391 3590 486 3639 Baiana
501 3590 563 3639 mihi
581 3592 733 3654 quadrantes
750 3590 862 3655 sportula
879 3597 979 3641 oentum
1015 3623 1195 3641 ......
1261 3646 1264 3651 ,
1281 3590 1290 3639 l

327 3653 377 3705 Dat
389 3657 483 3708 chartis
496 3659 594 3710 habiles
607 3661 718 3710 calamos
731 3659 895 3725 Memphitica
906 3657 981 3708 telins
1020 3694 1026 3708 .
1051 3692 1058 3707 .
1083 3692 1089 3721 ,
1117 3692 1125 3707 .
1153 3693 1160 3707 .
1187 3692 1195 3707 .
1234 3654 1290 3707 inv

327 3723 377 3775 Dat
393 3726 540 3793 festinatas,
556 3727 660 3792 Caesar,
676 3729 722 3780 tibi
737 3730 827 3780 bruma
839 3742 946 3779 coronas
981 3758 1194 3779 .......
1216 3722 1290 3795 xiil,
