3267 4409
845 368 857 405 Ι

325 533 389 599 284
651 534 697 597 Μ.
708 534 802 639 Villa.
814 535 1040 600 MARTIALIS

828 737 866 800 V.

408 866 544 946 Longior
557 863 712 927 undecimi
725 866 814 927 nobis
831 863 1004 946 decimique
1017 864 1121 930 libelli
1164 908 1168 915 -
1198 868 1201 873 ’

450 952 577 1012 Artatus
589 949 678 1012 labor
693 955 742 1010 est
755 955 788 1010 et
801 952 896 1011 breve
911 952 988 1012 rasit
1002 971 1087 1032 opus.

310 1028 315 1041 ’
408 1034 502 1096 Plura
515 1034 621 1114 legant
631 1036 734 1112 vacui,
754 1035 864 1113 quibus
879 1035 942 1094 otia
956 1041 1024 1098 tuta
1039 1035 1170 1116 dedisti;
1198 1072 1201 1079 ·

449 1121 536 1181 Haec
549 1118 621 1199 lege
635 1122 696 1198 tu,¹
707 1119 839 1193 (laesam
859 1118 966 1179 forsan
980 1126 1013 1180 et
1027 1119 1082 1182 illa
1096 1121 1195 1204 leges.

818 1282 869 1345 Vl.

409 1413 547 1492 Contigit
560 1412 714 1474 Ausoniae
727 1431 892 1495 procerum
905 1412 1081 1473 mitissimus
1096 1410 1183 1475 aulae

449 1497 566 1573 Nerva3
586 1495 662 1558 licet
676 1504 741 1558 toto
757 1516 838 1556 nunc
856 1495 1009 1556 Helicone
1022 1497 1096 1561 frui.

407 1581 505 1642 Recta
518 1581 631 1660 Fides,
651 1580 761 1641 hilaris
777 1579 969 1658 Clementia,
990 1585 1078 1640 cauta
1090 1581 1234 1644 Potestas

449 1665 511 1725 lam
524 1664 673 1726 redeunt:
693 1664 778 1744 longi
792 1670 881 1744 ter'ga
895 1664 1013 1725 dedere
1023 1665 1138 1726 Metus.
1173 1670 1176 1677 '

384 1749 476 1810 5Hoe
489 1748 595 1829 populi
609 1756 777 1828 gentesque
792 1756 882 1828 tuae,
900 1750 952 1829 pia
964 1749 1076 1826 Roma,
1097 1754 1277 1830 precantum

448 1833 516 1893 Dux
528 1835 586 1894 tibi
601 1835 642 1894 sit
656 1852 778 1914 semper
793 1832 880 1910 talis,
902 1839 934 1893 et
946 1833 1007 1893 iste
1022 1832 1083 1894 diu.

407 1917 512 1979 Macte
527 1919 635 1997 animi,
656 1936 747 1998 quem
761 1937 849 1977 rarus
866 1917 977 1995 habes,
998 1934 1178 1995 morumque
1193 1922 1327 1998 tuorum,

449 2002 533 2079 Quos
547 2002 659 2081 Numa,
682 2021 758 2082 quos
772 2001 882 2061 hilaris
897 2006 1004 2080 posset
1016 2001 1132 2061 habere
1148 2002 1235 2064 Cato.

407 2086 546 2165 Largiri,
567 2092 742 2167 praestare,
762 2087 874 2147 breves
889 2085 1059 2145 extendere
1074 2103 1184 2146 census

366 2180 401 2232 lo
447 2171 489 2233 Et
505 2169 579 2231 dare
595 2190 672 2250 quae
688 2170 796 2231 faciles
809 2171 859 2231 vix
872 2171 1012 2229 tribuere
1027 2168 1095 2248 dei,

406 2255 494 2316 Nunc
508 2253 584 2316 licet
598 2261 631 2316 et
643 2255 689 2315 fas
704 2260 761 2318 est.
792 2253 856 2314 Sed
869 2259 904 2313 tu
918 2255 974 2315 sub
988 2253 1129 2334 principe
1145 2249 1224 2314 duro

449 2340 717 2422 Temporibusque
731 2336 820 2401 malis
835 2356 925 2399 ausus
939 2356 973 2399 es
989 2355 1059 2398 esse
1074 2340 1182 2400 bouus.
1257 2326 1265 2345 '

810 2521 876 2585 Vll.

408 2645 490 2707 Toto
504 2648 622 2708 vertice
636 2652 711 2728 quot
725 2647 807 2726 gerit
822 2643 965 2727 capillos,

405 2732 511 2792 Annos
528 2733 555 2793 si
567 2738 616 2793 tot
630 2733 725 2794 habet
737 2731 841 2812 Ligia,
861 2731 952 2792 trima
969 2734 1028 2792 est.

795 2914 905 2979 VIII..

407 3042 575 3103 Terrarum
590 3038 648 3101 dea
663 3041 861 3119 gentiumque
876 3040 989 3119 Roma,

404 3128 462 3188 cai
478 3147 534 3207 pur
549 3131 597 3186 est
610 3125 688 3187 nihil
701 3130 735 3185 et
746 3124 826 3184 nihil
840 3125 1023 3204 secundum,

406 3211 532 3272 Traiani
547 3209 637 3269 modo
649 3208 733 3269 laeta
747 3229 815 3268 cum
828 3209 949 3270 futuros

407 3295 470 3354 Tot
483 3314 541 3375 per
557 3293 680 3354 saecula
693 3298 885 3372 computaret
902 3311 1014 3370 annos,

382 3379 448 3441 snt
460 3379 575 3438 fortem
589 3379 791 3456 iuvenemque
807 3377 1017 3456 Martiumque

405 3464 440 3522 ln
455 3468 541 3522 tanto
557 3461 635 3521 duce
649 3460 779 3520 militem
793 3459 932 3539 videret,

257 3530 275 3617 l
403 3546 489 3607 Dixit
502 3544 646 3624 praeside
661 3542 796 3623 gloriosa
808 3543 880 3604 talis

270 3620 272 3643 ⁵
405 3630 612 3709 „Parthorum
626 3646 775 3710 proceres
790 3626 945 3705 ducesque
963 3625 1089 3702 Serum,

406 3714 561 3792 Thraces,
584 3713 798 3790 Sauromatae,
820 3713 935 3790 Getae,
956 3708 1114 3790 Britanni,

363 3797 532 3863 10Possum
547 3797 713 3859 ostendere
727 3798 909 3874 Caesarem
930 3793 1067 3871 venite.“
