3267 4409
517 438 858 527 uriomnnaro‘n
872 461 946 526 ura.
962 463 1027 527 vn
1171 490 1174 498 ·
1233 408 1294 525 rao
1396 439 1397 442 ‘

343 613 465 697 Ecquid
479 617 630 676 femineos
645 615 802 693 sequeris,
825 621 978 695 matrona,
1000 634 1158 696 recessus,

387 704 596 780 Secretusque
612 707 679 778 tua,
703 717 817 777 caune,
838 698 949 760 lavaris
964 702 1063 781 aqua?

713 862 852 926 XXXVI.

345 979 420 1038 Cum
435 975 553 1057 pluvias
567 975 781 1053 madidumque
796 977 1056 1056 Iovcmperferre
1071 987 1199 1059 negaret

385 1063 427 1122 ut
442 1060 528 1125 rudia
541 1062 680 1121 hibernis
696 1060 769 1121 villa
784 1067 905 1121 nataret
921 1063 1022 1141 aquis,

343 1144 496 1223 Plurima,
520 1164 597 1224 quae
611 1151 717 1226 posset
731 1143 848 1204 subitos
859 1143 1024 1206 'effundere
1036 1147 1184 1226 nimbos,‘

386 1231 569 1291 Muneribus
584 1231 668 1290 veuit
683 1228 785 1308 tegula
799 1231 890 1288 missa
905 1231 975 1292 tuis.

322 1313 516 1393 5Horridus,
536 1333 625 1392 ecce,
647 1321 735 1373 sonat
749 1311 1019 1372 Boreae'stridore
1034 1313 1221 1376 December:

386 1397 501 1478 Stella,
522 1400 602 1477 tegis
615 1397 735 1477 villam,
755 1417 818 1457 non
836 1398 914 1475 tegis
930 1396 1102 1475 agricolam.

709 1560 860 1624 XXXVII.

344 1675 433 1736 Nosti
447 1674 641 1734 mortiferum
657 1675 845 1753 quaestoris,
869 1674 1025 1750 castrice,
1047 1674 1187 1752 signum?
1269 1679 1271 1686 '

386 1759 444 1818 Est
459 1760 720 1839 operaepretium
735 1758 856 1819 discere
872 1759 959 1818 theta
972 1776 1091 1817 novum.

345 1844 543 1922 Exprimeret
558 1845 700 1921 quotiens
714 1850 872 1903 rorantem
886 1843 1005 1919 frigore
1019 1860 1141 1918 nasum,

385 1925 526 2001 Letalem
541 1926 636 2006 iuguli
651 1930 783 1987 iusserat
801 1945 870 1986 esse
886 1932 997 1986 notam.

327 2011 461 2091 bTurpis
477 2013 512 2070 ab
531 2013 628 2071 inviso
642 2010 798 2090 pendebat
813 2011 901 2070 stiria
914 2028 1006 2084 naso,

356 2120 358 2127 ’
388 2096 464 2155 Cum
479 2098 570 2155 flaret
584 2096 685 2154 media
700 2096 788 2154 fauce
803 2095 977 2155 December
992 2097 1086 2152 atrox.

347 2178 493 2257 Collegae
509 2186 639 2239 tenuere
651 2199 765 2239 manus.
795 2177 876 2256 Quid
891 2176 983 2258 plura
995 2174 1151 2256 reanris‘I

387 2265 519 2343 Emungi
533 2265 664 2341 misero,
687 2264 843 2342 Castrice,
865 2281 927 2322 non
941 2260 1037 2350 lieris

702 2410 866 2474 XXXVIII.

349 2526 468 2586 Tantus
485 2544 518 2586 es
532 2532 565 2586 et
579 2525 651 2586 talis
666 2528 782 2605 nostri,
802 2523 1012 2606 Polypheme,
1035 2522 1159 2600 SererI,

389 2612 433 2672 Ut
446 2617 480 2672 te
495 2612 601 2670 mirari
615 2613 714 2691 possit
729 2612 843 2691 etipse
858 2608 999 2690 Cyclops.
1044 2681 1045 2686 η

348 2695 411 2756 Sed
425 2715 484 2756 uec
499 2695 604 2774 Scylla
618 2697 728 2758 minor.
759 2694 848 2771 Quod
863 2695 889 2754 si
903 2694 971 2754 fera
984 2698 1121 2754 monstra
1136 2690 1265 2751 duorum

389 2780 544 2860 lunxeris,
568 2779 698 2842 alterius
710 2780 766 2840 fiet
780 2786 913 2858 uterquc
928 2779 1030 2839 timor.

710 2926 848 2989 XXXIX.

346 3042 510 3101 Discursus
524 3042 624 3101 varios
638 3057 806 3119 vagumque
819 3056 908 3098 mane

347 3127 389 3187 Et
403 3127 500 3186 fastus
517 3131 550 3185 et
563 3144 618 3184 ave
632 3125 843 3204 potentiorum

348 3211 425 3270 (lum
440 3209 584 3289 perferre
599 3211 725 3289 patique
740 3209 800 3268 iam
811 3211 957 3284 negaret,
1007 3231 1008 3234 ¹

349 3294 462 3373 Coepit
477 3294 596 3371 fingere
612 3292 736 3353 Caelius
750 3290 926 3372 podagram.

328 3378 446 3454 5Quam
461 3376 532 3436 dum
545 3377 610 3437 volt
621 3378 711 3437 nimis
725 3378 897 3457 approbare
910 3390 1013 3436 veram

346 3463 388 3522 Et
402 3480 491 3523 sanas
504 3460 575 3521 linit
590 3461 765 3540 obligatque
779 3459 900 3541 plautas

347 3546 528 3624 Inceditque
544 3544 639 3624 gradu
652 3546 824 3624 laborioso,

347 3631 556 3706 —Quantum
572 3650 645 3690 cura
661 3636 766 3709 potest
780 3635 813 3690 ct
826 3646 876 3689 ars
892 3625 1022 3689 dolorlsl
1035 3652 1079 3669 -
1107 3656 1110 3660 ’

348 3714 438 3776 Desit
451 3715 570 3794 fingere
586 3712 710 3776 Caclius
723 3713 899 3797 podagram.
